1390 2170
139 98 159 129 1
171 97 198 144 9
208 83 234 128 8
514 97 782 131 zunovzous
815 98 976 131 vivas.

550 195 590 244 C
614 198 659 246 U
679 198 720 244 L
742 197 767 243 I
789 197 837 244 N
859 199 918 244 A.

135 292 345 346 Lucullus,
369 294 544 351 Apicius
565 293 642 354 (a),
663 294 922 358 Pistillarius
937 291 1028 354 (b),
1043 291 1332 352 Able'gurinus.

136 387 241 429 Luc.
276 388 336 429 Es
357 398 402 429 tu
418 390 566 448 popino
581 389 610 432 ξ’

136 448 238 498 Αρι.
261 448 374 490 Sum.

136 507 242 548 Luc
264 506 436 548 Ubinam
457 509 582 564 agis.
568 507 588 538 ²

135 565 233 616 Api
259 567 307 605 In
324 567 473 621 popina
492 566 600 622 galli
617 567 869 622 gallinacei.
889 582 984 611 num
1002 551 1099 626 eges
1118 581 1180 610 me
1195 565 1217 608 ἓ

136 624 236 665 Luc
267 625 437 677 Etiam,
456 627 508 667 ad
528 628 706 682 nuptias.
1185 648 1187 650 ’

136 684 236 736 Api
271 685 368 724 Sine
399 699 459 724 me
490 684 642 725 domum
677 696 955 728 transcurrere
974 716 988 738 ,
1018 695 1064 727 ut
1101 687 1335 742 praecipt'am

195 746 312 783 uxori
337 745 651 796 quemadmodum
669 746 749 784 sim
771 744 973 786 tractandi
999 759 1217 802 ganeones,
1237 761 1335 801 quos

195 805 279 842 scio
312 817 387 842 non
413 802 544 844 solere
574 804 618 844 in
635 804 804 845 civitate
825 806 983 858 deesse,
1001 814 1084 846 tum
1106 804 1228 847 etiam
1253 806 1337 848 ad-

195 872 396 903 ventoresn

197 977 259 1038 (a)
317 979 522 1031 Ap'oosite
548 980 681 1023 Vives
721 991 863 1024 noster
903 982 1123 1033 sequentia
1166 983 1339 1025 nomina

139 1038 240 1081 huic
277 1039 452 1089 praefixit
485 1042 677 1094 dialog0.
712 1041 888 1091 Apicius
917 1045 1339 1093 omniumtnepotum

139 1100 222 1139 fuit
242 1104 454 1150 princeps,
483 1103 552 1141 cui
577 1114 720 1151 parum
745 1095 878 1141 ⁴visum
910 1111 972 1141 est
990 1131 1004 1153 ‚
1036 1111 1079 1142 et
1099 1102 1340 1152 principum

137 1162 390 1212 congiaria,
426 1170 467 1199 et
506 1161 927 1214 capitolii‘vectigal
963 1160 1341 1202 comessationibus

138 1220 390 1269 devorasse,
416 1221 497 1260 nisi
519 1233 601 1260 suae
624 1222 750 1259 etiam
784 1221 895 1272 gulae
922 1221 1225 1261 monimentum
1258 1233 1342 1271 po-

138 1279 260 1318 steris
289 1279 523 1326 reliquisset
545 1310 556 1329 ,
587 1279 904 1329 conscriptis-de
929 1280 1041 1332 gulae
1069 1280 1341 1320 irritamentis

138 1338 303 1386 aliquot
333 1338 467 1379 libris.
503 1339 629 1386 Hunc
656 1351 733 1379 suo
761 1338 917 1380 saeculo
946 1339 1133 1390 vixisse,
1161 1347 1341 1378 testatur

137 1395 311 1436 Seneca.

198 1452 264 1511 (b)
323 1457 530 1497 pistillum
549 1485 562 1507 ,
593 1457 634 1507 i,
655 1457 976 1496 instrumentum
993 1484 1008 1505 ,
1037 1466 1122 1503 quo
1157 1453 1200 1494 in
1223 1466 1342 1495 mor-

141 1513 250 1553 tario
267 1517 453 1564 quipiam
470 1514 691 1564 tunditur,
715 1511 967 1567 (majadero,
992 1527 1107 1553 mano
1125 1512 1171 1552 de
1187 1523 1340 1553 morte-

139 1585 215 1622 ro,
234 1575 259 1611 ό
274 1571 467 1628 aimire'z)
489 1587 509 1612 a
535 1574 670 1625 pinso,
693 1573 734 1617 id
757 1581 817 1612 εει
842 1571 977 1623 ferio,
996 1571 1161 1612 assidue
1184 1585 1341 1622 percu-

141 1632 216 1670 tin.
244 1630 365 1671 Unde
386 1632 634 1681 pistillatius
651 1660 663 1680 ,
689 1631 762 1679 qui
793 1631 955 1681 pistillo
978 1633 1138 1672 tundit.
1172 1630 1238 1670 En
1269 1645 1342 1670 ro-

139 1702 273 1729 mance
295 1691 500 1730 llamamos
515 1689 719 1743 majadero
738 1689 780 1730 al
794 1690 901 1732 necin
925 1700 1002 1745 por
1018 1703 1082 1733 ser
1099 1689 1188 1732 boto
1204 1689 1252 1730 de
1266 1690 1340 1730 in-

134 1750 270 1803 genio

198 1807 498 1860 Abligurinus‚
513 1807 566 1848 ab
584 1807 818 1861 abligurio,
835 1820 885 1849 ex
907 1807 976 1859 ab,
991 1816 1035 1849 et
1052 1807 1210 1862 ligurio
1225 1820 1339 1848 com-

138 1867 277 1916 posito
307 1868 438 1907 venit.
473 1864 696 1919 Significat
734 1878 876 1908 autem
911 1868 1070 1920 ligurio
1106 1866 1344 1922 hispanice,

134 1935 284 1980 gastar
300 1926 338 1965 la
360 1926 552 1966 hacienda
570 1940 617 1964 en
643 1926 863 1981 golosinas.
886 1925 1030 1978 Quare
1062 1926 1114 1968 de
1146 1925 1337 1967 Pistina-

138 1985 203 2025 tio
231 1984 342 2027 idem
363 1997 412 2027 ac
433 1985 485 2028 de
505 1983 658 2036 Apicio
674 1995 764 2027 esto
775 1983 1005 2039 judicium.
