1390 2216
137 84 159 126 3
172 82 235 127 34
518 81 786 116 :unovlcus
819 83 981 117 VIVES.

130 134 246 174 Cast.
268 133 404 174 Misce
435 135 596 188 omnia,
626 146 664 176 et
684 150 844 178 rursum
863 137 1092 193 impartire.

129 193 248 234 Tam.
271 194 305 234 Ο
325 194 475 247 qualem
502 193 636 235 ludum
654 197 768 237 mitto
786 196 834 238 de
859 196 1074 250 manibus,
1103 209 1178 242 non
1195 199 1324 245 obveo
1376 207 1390 240 ,.·’

190 253 273 292 niet
293 253 392 292 mibi
419 251 533 293 hodie
552 255 716 295 similis.

131 310 248 353 Cast.
270 311 406 352 Misce
435 312 557 366 probe
588 310 728 356 isthaec
737 313 846 366 folia
859 345 875 368 ‚
893 324 933 357 et
945 315 1120 372 praebeto
1139 317 1323 376 singulis
1383 309 1390 349 -Ῑ

189 372 1323 417 attentius..
1386 380 1390 388 ⁴

132 428 230 471 Val.
253 432 431 470 Rursum
451 444 577 487 augeo
597 433 857 487 sponsionem.

131 488 250 530 Tam.
264 487 381 528 ‘Num
403 503 477 528 non
504 491 710 543 praedixi,
746 507 821 532 non
851 491 1082 536 habituram
1116 509 1177 536 me
1208 494 1327 538 bodie

188 549 232 588 in
257 547 440 587 manibus
460 548 591 588 ludum
613 550 674 589 illi
691 551 862 604 parem?
886 550 1050 606 Semper
1073 567 1160 594 sum
1185 554 1324 605 insor-

187 607 481 647 tanatissimus.
506 606 588 648 Cur
607 622 681 663 ego
710 609 850 649 ludum*
869 610 936 650 vel
953 611 1105 666 aspicio
1122 613 1248 653 oculis
1263 614 1285 654 ἓ

128 722 248 766 Cast.
269 725 359 765 Hoc
387 725 481 765 nero¹
511 738 587 765 non
616 735 677 766 est
714 725 850 768 ludere
864 756 878 779 ,
907 726 980 768 sea
1013 741 1056 768 se
1084 727 1287 780 afflictare
1302 743 1320 771 ε

187 783 258 824 hoc
280 793 339 824 est
361 785 470 836 refici
487 814 501 836 ,
519 795 557 824 et
579 787 754 826 recreari
774 786 948 827 animum
962 787 982 828 3
1007 787 1076 829 Ita
1094 790 1283 830 concitari
1298 789 1320 830 ἓ

185 843 342 883 Ludum
362 852 513 896 oportet
529 856 616 883 esse
636 843 767 884 ludum
785 873 801 897 ,
825 845 1155 888 nonmelestiam.

128 901 248 943 Man.
271 901 436 942 Sustine
449 903 688 958 paulisper,
710 917 757 944 ne
787 903 960 958 abjicias
979 903 1116 956 folia:
1151 918 1241 948 nam
1258 914 1321 948 est

185 963 373 1016 panicum
399 959 474 1016 (a).

129 1019 229 1062 Val.
248 1021 458 1079 Responde
478 1020 614 1075 igitur
634 1034 687 1062 an
707 1021 898 1076 recipias.

128 1075 248 1121 Man.
273 1080 473 1134 Recipio‚
493 1089 530 1119 et
552 1094 712 1121 rursum
736 1095 877 1137 augeo.

126 1137 226 1182 Val.
253 1139 363 1191 Quid
387 1148 430 1178 tu
449 1149 621 1194 speras,
657 1154 717 1181 me
736 1139 947 1192 ferocibus
967 1141 1054 1183 suis
1071 1140 1211 1184 verbis
1224 1152 1325 1199 pro-

185 1197 343 1238 telare?
365 1196 460 1238 Non
475 1170 649 1239 conc-ecio.

125 1256 244 1300 Man.
268 1255 411 1309 Effare
431 1257 587 1299 tandem
607 1258 751 1311 semel,
771 1267 809 1299 et
826 1258 1007 1315 expedite
1021 1289 1038 1313 ,
1056 1258 1287 1302 admittis-ne
1301 1261 1324 1304 ἓ
1388 1289 1390 1298 ·

125 1375 226 1420 Val.
247 1375 386 1416 Etiam
404 1405 418 1428 ‚
436 1385 475 1416 et
503 1375 658 1431 quidem
683 1375 971 1430 libentissime,
990 1386 1028 1418 et
1048 1378 1206 1419 animus
1225 1378 1321 1419 ins-

185 1437 297 1492 tigat
318 1450 378 1475 me
399 1436 474 1476 tali
505 1437 595 1476 ludo
619 1438 764 1490 majore
790 1437 922 1492 pretio
942 1446 1095 1478 certare
1110 1450 1124 1476 e
1154 1436 1225 1478 sed
1251 1438 1319 1477 is-

184 1496 257 1535 tud
278 1496 386 1535 inter
405 1497 553 1536 amicos
577 1495 744 1548 sufficit.
1314 1515 1317 1517 ·

126 1613 247 1654 Tam.
284 1613 395 1665 Quia
430 1613 525 1653 vero*
561 1626 621 1657 me
658 1626 734 1653 non
767 1614 1003 1670 computatis
1039 1615 1147 1656 inter
1182 1612 1316 1657 vivos·

185 1672 296 1712 Adeo
318 1673 427 1712 nulla
448 1682 507 1711 est
528 1673 603 1711 mei
624 1671 802 1712 mentio?

125 1789 243 1831 Cast.
268 1790 377 1842 Quid
398 1790 529 1846 igitur
549 1790 602 1831 ad
621 1790 702 1831 haec
718 1821 731 1842 ,
751 1790 860 1832 homo
871 1790 1038 1840 foenee3

126 1850 246 1890 Tam.
268 1852 358 1905 Ego
391 1852 484 1890 υενό
504 1864 628 1906 augeo
658 1861 744 1890 mea
765 1865 814 1891 ex
828 1862 952 1906 parte
979 1852 1213 1907 depositum.

183 1967 244 2025 (a)
307 1969 521 2009 Panicum.
553 1969 962 2010 Tetriculamentum
987 1972 1139 2022 inane,
1157 1970 1274 2020 quasi
1295 1968 1320 2010 ὲ

126 2042 234 2079 pane
249 2029 492 2082 immissum,
510 2030 622 2071 unde
638 2032 814 2080 panicus
834 2041 978 2081 terror,
996 2032 1172 2081 panicus
1187 2041 1319 2070 casus.
