1390 2216
179 169 181 171 ¹
424 124 673 156 entsrotaz·
706 123 862 157 eoae-r.
1137 126 1237 173 423

119 174 259 230 eivo’s,
281 176 568 220 habiendonos
595 179 770 224 avisado
799 177 1019 222 autoridad
1042 181 1247 232 superior,

118 239 324 279 conviene
345 238 407 278 los
425 237 615 279 dexemos
631 238 769 291 luego.
790 238 920 279 Decia
942 238 983 279 el
1010 251 1064 278 en
1084 239 1242 280 verdad

119 307 231 338 otras
251 295 419 337 muchas
437 308 554 337 cosas
567 326 580 346 ,
600 310 657 336 no
675 299 903 337 solamente
923 297 1100 350 grandes
1118 310 1147 349 y
1165 299 1244 338 ad·

119 352 311 396 mirables
326 384 340 408 ,
357 356 451 396 sino
474 367 558 395 aun
579 364 685 395 estas
715 359 874 395 mismas
893 368 975 396 con
994 369 1140 408 mayor
1160 369 1239 397 ex-

118 415 282 454 tension
303 427 331 465 y
364 425 450 455 mas
476 412 766 454 difusamente.
792 414 885 455 Mas
912 425 997 455 este
1023 424 1099 456 eral
1120 426 1241 457 corno

116 473 434 525 compendiode
453 473 494 513 la
510 472 740 513 educacion
762 473 813 513 de
837 475 875 514 la
895 472 1124 526 juventud-

485 594 647 719 ΕΙ
706 555 811 675 Ν.

1121 791 1235 803 —-

60 886 172 927 nisse
189 885 394 938 professus
411 892 472 925 est
491 896 615 935 quarn
636 885 857 938 elegantia:
877 885 1020 926 latinae
1047 887 1243 929 flosculos

63 956 116 984 ex
136 945 375 986 clarissimis
393 944 627 994 quibusque
658 944 899 984 auctoribus
924 947 1138 995 excerptos
1151 951 1167 997 ,“
1198 955 1242 987 et

59 1003 173 1052 quod
202 1002 387 1056 JESUM
408 1001 621 1043 Christum
653 1005 785 1053 ipsum
821 1003 887 1042 vel
915 1012 1031 1043 certe
1062 1005 1242 1055 optimos

58 1073 192 1102 mores
210 1092 223 1113 ,
242 1073 285 1103 et
314 1061 483 1115 probam
502 1090 516 1113 ,
534 1063 618 1102 imo
636 1071 819 1101 sanctam
841 1061 1136 1103 educationem
1157 1077 1244 1104 non

60 1130 234 1173 saperet.
252 1120 407 1161 Iccirco
420 1131 543 1174 agere
558 1133 644 1160 non
659 1119 819 1159 destitit
835 1132 930 1159 cum
944 1121 995 1159 iis
1009 1122 1082 1169 qui
1100 1134 1244 1174 gram-

58 1180 252 1220 maticam
272 1179 449 1221 docendi
469 1191 620 1220 munus
637 1177 800 1218 obirent
812 1208 826 1229 ,
844 1186 892 1218 ut
911 1178 1131 1229 discipulis
1151 1182 1239 1221 suis

61 1249 267 1289 exponere
304 1239 461 1279 vellent
478 1268 493 1288 ,
525 1237 755 1286 darentque
792 1249 958 1288 operam
975 1266 989 1287 ,
1026 1249 1080 1276 ne
1115 1239 1233 1288 pueri

58 1308 155 1336 eum
186 1296 379 1337 audirent
399 1296 522 1337 modo
538 1326 552 1348 ,
574 1296 647 1336 sed
679 1295 910 1336 ediscerent
939 1296 1081 1335 etiam.
1103 1295 1243 1337 Pleri-

59 1366 141 1404 que
161 1364 300 1396 tamen
326 1358 602 1408 grammatica
634 1354 879 1406 professores
893 1384 905 1405 ,
924 1367 1017 1393 curn
1038 1355 1173 1395 libelli
1193 1362 1245 1396 ea

60 1415 337 1454 narrationem
358 1416 575 1465 coepissent
592 1443 605 1463 ,
625 1413 695 1453 sed
712 1413 764 1452 ab
786 1415 970 1462 incoepto
984 1413 1239 1455 destitissent

61 1473 116 1511 ob
130 1470 344 1513 difficilem
365 1485 515 1513 vocum
536 1473 882 1524 intelligentiam,
897 1469 965 1511 Cl.
989 1469 1127 1513 Motta
1152 1473 1245 1513 dic-

62 1530 199 1570 tiones
239 1531 399 1580 aliquot
451 1543 521 1582 per
560 1533 733 1583 singula
766 1530 963 1583 Colloquia
1004 1529 1243 1583 adnotavit,

61 1600 154 1637 quae
174 1590 519 1640 interpretatione
551 1590 798 1642 indigebant
816 1619 829 1640 ,
851 1589 926 1631 ¹vel
949 1600 1123 1637 quarum
1142 1591 1240 1631 elu-

62 1646 221 1687 cidatio
241 1661 325 1688 non
358 1650 420 1688 ita
449 1648 574 1688 facile
594 1657 700 1688 esset
715 1648 862 1688 obvia.
885 1648 1167 1686 annotationes
1188 1650 1245 1690 is-

0 1709 2 1728 ²
64 1714 130 1744 tas
155 1718 238 1744 non
258 1707 437 1760 subjicio
451 1736 465 1758 ,
496 1710 591 1756 quia
614 1719 684 1746 eas
702 1706 950 1756 metaphrasi
972 1718 1054 1745 suae
1071 1706 1154 1759 jam
1172 1708 1246 1747 in·

0 1768 1 1771 ’
66 1765 195 1803 seruit
212 1761 280 1804 Cl.
299 1762 493 1806 Coretius
511 1767 724 1805 institutor
740 1777 855 1805 meus
869 1765 1175 1806 amantissimus
1189 1767 1243 1807 ad

66 1833 223 1862 annum
244 1834 376 1871 usque
399 1835 477 1876 ¹72
487 1838 525 1874 3.
542 1837 626 1874 quo
641 1825 685 1862 in
706 1822 1001 1874 philosophicis
1014 1823 1248 1875 disciplinis

66 1878 193 1920 Petro
213 1879 376 1930 Solerio
406 1884 644 1923 acutissimo
665 1882 884 1923 academiae
903 1880 1139 1922 Valentinae
1161 1883 1253 1923 An-

66 1938 312 1980 tithomistae
325 1967 340 1990 ,
358 1951 421 1980 me
441 1937 525 1994 (sed
546 1943 616 1990 qui
635 1941 789 1996 potiora
803 1953 960 1992 semper
978 1941 1150 1992 probavi
1167 1970 1181 1991 ,
1201 1950 1250 1982 ut

71 1996 164 2039 vult
182 1996 427 2055 Apostolus)
444 2000 597 2043 tradidi
620 2000 945 2048 instituendum:
966 2008 1057 2053 post
1078 2000 1173 2042 aliis
1188 2002 1253 2041 se·
