1390 2170
112 114 154 172 '¹2²
165 117 227 154 m
515 112 781 145 Lunovlcvs
811 113 969 153 vxvzs,

126 223 243 266 Filia
262 226 426 268 Picenae
449 226 578 268 venio
598 225 789 268 lucanica
811 238 949 277 potcae
983 221 1045 284 (a)
1065 240 1080 267 ε

184 344 383 387 Pultibus
404 344 503 386 hinc
526 345 663 387 niveis
682 352 807 397 grata
827 357 987 401 corona
1006 327 1148 388 datut.

124 461 226 513 Api.
247 463 360 505 Unde
380 473 423 504 tu
443 462 627 504 didicisti
647 461 744 503 aded
759 459 822 519 (b)
844 461 1072 518 rapsodein.

124 521 242 564 Abii.
263 522 469 564 lnservivi
490 531 615 576 nuper
636 522 681 562 in
700 521 894 562 Calabria
913 521 1200 577 ludimagistro
1226 519 1320 565 cu'i-

181 581 272 622 dam
288 590 492 636 poetastro
510 611 522 631 ,
548 581 618 634 qui
638 589 739 636 saepe
759 594 919 621 numero
937 594 1081 621 coenam
1102 582 1222 622 aliam
1243 597 1319 624 non

179 640 303 682 dabat
323 640 440 691 mihi,
467 639 589 694 qudm
609 639 926 680 cumulationem
945 649 1098 680 centum
1116 654 1318 693 versuum,

180 699 328 754 quibus
347 699 557 751 mirificum
580 697 711 752 ajebat
739 710 917 753 saporem
937 699 1085 740 inesse.
1109 697 1200 754 Ego
1221 702 1318 740 vero=

177 759 383 813 paululum
404 758 531 813 panis
551 786 565 808 ,
590 767 626 797 et
660 758 767 798 casei
792 758 1019 797 maluissem
1040 772 1055 806 ᾗ
1089 771 1199 811 aquae
1228 769 1317 799 erat

182 818 288 857 satis
309 817 435 865 domi,
454 826 492 855 et
512 815 656 856 licebat
676 814 788 856 nobis
809 815 856 855 de
873 826 991 873 puteo
1007 814 1140 856 bibere
1160 831 1209 856 ex
1226 819 1317 857 ani-

181 877 238 916 mi
266 877 493 916 sententia:
522 874 614 914 inde
640 888 714 929 ego
745 888 861 927 quum
891 876 1072 914 esuriens
1097 878 1317 928 eone-essis-

180 950 263 975 sem
297 928 469 976 cubitum
487 963 501 984 ‚
511 944 586 988 pro
615 927 748 988 epulis
778 946 923 973 versus
943 933 1033 974 illos
1052 931 1316 989 ruminabam,

179 1005 217 1035 et
238 994 516 1048 eoncoquebam
535 1007 546 1032 ε
568 1006 636 1032 nec
663 992 762 1032 mihi
782 991 894 1032 aliud
923 991 1058 1032 visum
1090 1002 1152 1031 est
1186 1005 1314 1033 reme-

101 1052 113 1063 “’
178 1047 288 1094 dium
315 1053 367 1093 ad
392 1048 596 1094 bulimiam
622 1052 732 1095 illam
758 1050 1024 1106 depellendam
1043 1081 1058 1104 ,
1091 1051 1211 1106 qua'm
1239 1066 1317 1095 cu-

178 1112 370 1155 linariam
390 1113 589 1167 arripere.

126 1229 228 1283 Api.
250 1231 349 1285 Quae
371 1231 432 1271 illi
450 1228 655 1286 praebebas
675 1228 939 1270 ministeria?

118 1289 236 1332 Abii.
273 1292 371 1344 Quce
401 1290 536 1331 Caesar
559 1289 817 1344 reipublicae:
853 1303 927 1344 ego
955 1301 1064 1329 eram
1085 1288 1149 1330 illi
1169 1291 1315 1343 omnia,

124 1391 125 1394 ,
177 1365 286 1391 eram
307 1351 370 1390 illi
389 1351 415 1390 a=
436 1350 639 1401 consiliis,
658 1349 738 1388 etsi
758 1348 862 1388 nihil
881 1362 1053 1401 unquam
1074 1357 1208 1403 egeret
1222 1363 1314 1388 con-

176 1410 294 1449 silio:
315 1410 342 1449 a*
362 1411 529 1450 secretis
546 1438 560 1460 ‚
585 1423 703 1463 quum
732 1407 837 1446 nihil
866 1405 1030 1447 haberet
1061 1407 1238 1458 secreti,
1265 1421 1314 1447 ne

175 1468 366 1509 latrinam
414 1469 570 1509 uideme
599 1481 672 1522 ego
693 1465 913 1516 fundebam
934 1465 973 1503 ei
992 1477 1136 1517 aquam
1166 1465 1314 1506 lavan-
1384 1514 1388 1518 ζ

174 1527 242 1566 dis
259 1528 367 1567 mani
387 1532 441 1566 ‘us
457 1557 471 1579 ,
491 1539 592 1580 quas
613 1537 810 1580 nunquam
831 1521 1015 1564 abluebat
1033 1537 1045 1564 ε
1066 1537 1139 1578 ego
1163 1537 1311 1565 serva-

174 1586 263 1625 bam
288 1588 375 1639 ejus
393 1585 637 1625 thesaurum.

116 1641 215 1696 Api.
237 1645 364 1697 Quem
384 1642 649 1685 thesaurum?

173 1877 235 1942 (a)
294 1880 408 1921 Idem
432 1879 587 1922 ibidem
600 1910 618 1930 .,
640 1881 723 1931 epi.
749 1893 817 1931 34.

174 1937 236 1996 (b)
296 1940 343 1980 ld
367 1938 429 1980 est'
445 1970 457 1989 ,
481 1941 662 1988 carmina
688 1952 871 1994 pangere
888 1970 901 1991 ,
921 1948 1120 1980 centones
1150 1940 1308 1982 recita-

117 2010 160 2041 te
174 2029 190 2053 ,
211 2011 353 2042 versus
374 2000 474 2039 hinc
497 2002 596 2042 inde
618 2013 843 2041 contexere
860 2011 937 2057 ,et
955 2002 1256 2042 consarcinare.
