1390 2190
120 87 140 117 1
152 84 176 117 2
187 84 212 120 2
491 89 756 123 Lunovlcus
789 90 954 124 VIVES·

170 138 273 179 riolo
312 137 468 194 quidem
500 145 585 193 fixo
605 158 618 185 ε
660 158 753 185 nam
791 146 893 199 quod
927 143 1313 200 circungestandum*

170 207 234 248 est
251 228 265 250 ,
293 199 385 240 huic
403 202 560 244 omnino*
579 214 678 259 opus
706 214 767 245 est
787 204 985 260 peniculo.
1004 204 1197 245 C'aeterum
1223 204 1304 246 ba-

171 256 277 298 betis
297 258 509 303 chartam?

111 313 235 358 Men.
259 317 396 373 Hanc.

111 373 234 428 Mag.
269 378 469 434 Asperam
509 380 712 422 admodum
729 411 743 433 ,
776 391 816 422 et
851 395 936 437 quae
970 392 1140 437 pennam
1173 394 1306 422 remo-

150 444 317 488 setar,
357 452 406 493 ne
441 439 634 490 inoffense
672 440 860 481 decurrat
879 471 894 493 ,
927 441 1030 495 quod
1062 451 1124 481 est
1158 440 1306 481 studiis

170 495 346 537 noxium.
378 495 487 538 Nam
516 498 608 539 dum
637 499 808 541 luctaris
836 513 923 541 cum
954 499 1148 542 scabricie
1176 500 1302 542 char-

170 560 220 592 tae
236 583 250 604 ,
280 554 491 599 ,elabuntur
521 559 645 599 multa
679 573 730 598 ex
757 558 813 603 iis
830 589 843 610 ‚
879 571 962 612 quae
986 557 1197 599 scribenda
1231 567 1304 597 co-

165 612 396 666 gitaveras.
422 615 510 655 Hoc
536 629 669 672 genus
687 616 834 658 chartae
853 617 991 671 amplae
1009 646 1022 667 ,
1049 616 1179 657 dense
1195 645 1209 667 ,
1228 618 1301 657 du·

168 685 225 711 rae
241 700 255 722 ,
272 671 426 714 scabre
444 704 457 724 ,
478 674 663 716 librariis
694 676 903 730 relinquite
921 690 932 716 ε
954 690 1037 730 quae
1058 674 1301 717 ideolz‘bra-

169 729 238 770 ria
266 743 515 787 nuncupatur
531 763 544 785 ‚
564 733 664 788 quod
695 748 744 774 ex
771 747 816 774 ea
842 734 944 786 fiant
965 734 1020 775 ad
1045 733 1300 775 diuturnita-

169 796 248 828 tem
285 789 413 831 libri:
444 805 513 831 nec
545 793 656 834 illam
697 792 928 846 quotidiano
961 793 1051 833 usui
1082 794 1298 847 paraveris

167 847 364 903 grandem
382 879 396 902 ,
420 861 691 906 augustanam
708 881 722 903 ‚
742 851 829 891 sive
851 852 1098 907 imperialem
1113 879 1129 902 ‚
1148 865 1231 905 quae
1249 850 1300 892 de

171 905 290 956 rebus
317 909 453 957 sacris
475 908 534 966 (a)
559 909 756 951 hieratica
786 911 1009 952 nominatur
1025 924 1039 951 ε
1064 911 1200 964 quates
1226 910 1298 951 vi-

171 965 280 1006 detis
313 967 357 1007 in
385 967 506 1008 libris
533 982 739 1010 sacrarum
759 967 927 1011 aedium:
963 969 1159 1023 acquirite
1187 968 1304 1010 vobis

1385 123 1390 146 1

1384 154 1390 170 ι

159 1025 354 1075 ,chartam
381 1028 631 1082 epistolarem
649 1058 661 1079 ,
681 1042 765 1082 quoe
790 1028 992 1077 esc-Italia
1017 1026 1205 1080 adfertur
1231 1037 1314 1082 ops
1380 1023 1383 1027 ’

172 1086 272 1125 tima
292 1114 306 1136 ,
326 1088 564 1128 tenuissima
583 1117 596 1139 ,
615 1098 653 1127 et
678 1087 826 1140 firma3
860 1087 924 1128 vel
943 1087 1152 1142 vulgarem
1177 1086 1305 1139 illam,

173 1157 291 1197 quam
326 1158 375 1185 ex
412 1145 551 1188 Gallia
586 1149 804 1201 important
821 1175 834 1196 ,
859 1159 973 1199 quam
995 1146 1152 1201 passim
1186 1145 1307 1185 inve-

172 1203 297 1242 nietis
319 1207 494 1245 venalem
523 1207 567 1246 in
599 1204 780 1261 singulos
817 1204 978 1245 codices.
997 1205 1127 1245 numis
1159 1204 1308 1244 octonis

168 1261 264 1316 Plus
296 1264 429 1304 minus
445 1278 458 1304 ε
488 1263 652 1305 dabitur
674 1262 787 1304 vobis
803 1275 881 1318 pro
909 1264 1117 1304 corollario
1143 1261 1306 1316 philura

160 1333 252 1371 un?
269 1350 282 1371 ‚
302 1333 369 1363 aut
389 1323 518 1366 altera
535 1324 683 1373 charte
701 1323 969 1378 emporetica,
989 1334 1106 1375 quam
1126 1319 1306 1360 bibulam

173 1378 363 1424 dicimus.

113 1615 235 1663 Men.
273 1618 371 1670 Quae
403 1625 465 1658 est
495 1617 634 1660 horum
664 1618 860 1659 nominum
894 1616 1033 1659 ratio?
1068 1614 1309 1670 Namsaepe'

132 1712 134 1714 ,
172 1675 376 1717 dubitavi.

111 1734 232 1788 Mag.
274 1735 530 1790 Emporetica
569 1735 617 1776 de
654 1750 785 1792 graeco
824 1736 935 1777 venit
957 1765 970 1786 ,
1009 1733 1059 1775 ab
1098 1733 1310 1774 involven-

173 1795 241 1834 dis
289 1793 486 1834 mercibus
507 1824 521 1846 ,
573 1805 611 1834 et
658 1794 793 1837 bibula
830 1825 844 1845 ‚
895 1793 999 1850 quod
1047 1801 1311 1834 atramentum

169 1852 411 1894 absorbeat:
443 1854 508 1894 ita
544 1867 621 1895 non
657 1855 737 1895 erit
775 1853 892 1895 vobis
935 1862 1033 1907 opus
1058 1848 1316 1903 furfuribus,

171 1970 231 2030 (a)
291 1971 421 2024 Jerob
440 2002 453 2023 ,
490 1984 606 2012 sacro
624 2002 637 2022 ,
674 1971 846 2014 dedico:
872 1970 1035 2024 Jeton,
1064 1982 1119 2022 u,
1150 1962 1311 2009 sactifi-

107 2029 221 2073 cium
236 2062 251 2085 ‚
274 2033 443 2074 victima
459 2060 474 2083 ,
497 2032 715 2084 templum.
