1390 2216
115 67 218 126 284
495 79 759 115 wnovmss
792 82 952 116 vzvzs.

114 133 186 176 So.
210 133 308 176 Inde
335 133 451 176 credo
479 139 643 190 parasti
679 137 755 177 tibi
780 149 989 193 cognomen
1009 127 1302 183 illude'oioco‘-

172 192 292 236 lacis.

117 251 220 293 Hol.
244 253 344 294 Rem
362 262 493 294 renes:
514 254 584 295 sed
603 264 647 295 ru
669 256 781 312 Agri
800 255 1003 296 ausculta:
1025 255 1109 307 ille,
1128 252 1172 296 in
1189 261 1305 311 quem

178 324 296 352 aures
313 343 326 365 ,
344 312 447 353 oculi
461 343 474 363 ,
488 326 599 355 mens
617 316 787 355 omnium
811 315 968 356 intenta
986 324 1044 355 est
1062 342 1076 366 ,
1098 328 1145 356 ac
1162 306 1307 368 defixa,

184 380 244 410 est
265 371 357 413 Rex
373 401 387 422 ,
407 383 526 427 caput
546 374 784 429 reipublicae.
1242 376 1251 388 '
1307 396 1314 408 ¹

124 425 199 469 50.
215 429 318 471 Vere
337 441 456 485 caput
471 461 484 483 ,
501 442 539 472 et
557 433 644 473 ideci
664 434 800 483 salus,
822 447 942 486 quum
970 442 1032 472 est
1055 433 1217 486 sapiens
1232 445 1311 484 ,ae

181 490 355 542 probust
371 490 575 544 pernicies
596 502 740 541 autem,
759 504 874 544 quum
897 491 1039 541 malus,
1055 501 1124 532 aut
1141 491 1312 543 demens.

126 544 225 587 Hol.
257 548 330 587 lue
356 576 369 598 ,
408 552 478 602 qui
519 551 619 603 pene¹
657 550 839 602 sequitur
875 550 1033 605 puellus
1053 578 1069 602 ,
1102 561 1161 590 est
1201 550 1315 602 filius

184 609 272 656 ejus
320 606 446 647 haeres
476 638 490 659 ‚
540 622 654 663 quem
705 610 748 649 in
798 609 891 649 aula
933 621 1069 663 graeca
1122 608 1316 649 vocabant

184 663 402 716 Despotan
435 696 450 718 ,
494 666 565 707 hoc
618 677 678 707 est
729 666 925 708 dominum
956 681 968 707 ε
1017 668 1061 707 in
1107 667 1318 722 ‘Hispania

186 733 330 765 vocant
369 726 591 780 principem
619 754 632 778 ‚
666 727 708 766 in
752 724 890 767 Gallia
925 725 1166 781 delphinum.
1209 725 1318 766 Tor-—

189 783 303 836 quati
345 783 408 824 illi
449 785 493 823 in
534 784 718 825 vestibus
755 782 818 842 (a)
862 785 1066 826 olosericis
1087 813 1102 837 ,
1145 787 1186 824 'es
1234 785 1321 825 010-

190 842 328 895 hryzis
344 871 358 892 ,
385 851 567 896 proceres
602 853 701 883 sum
737 844 854 898 regni
875 873 889 895 ,
918 843 1104 898 insignes
1131 842 1322 899 dignita-

191 907 277 940 tum
320 900 559 942 militarium
604 902 828 943 nominibus
853 931 868 955 ,
907 902 1118 957 principes
1139 931 1154 953 ,
1191 892 1324 955 aucei,

189 959 386 1014 prasides
419 959 654 1012 limitanei,
688 974 786 1015 quos
825 960 1074 1002 marchiones
1108 961 1326 1013 nominant,

193 1019 355 1058 comites
375 1048 389 1070 ,
422 1019 511 1063 viri
528 1049 541 1071 ,
575 1021 646 1075 qui
679 1020 846 1061 barones
879 1034 971 1061 voce
1001 1017 1177 1060 barbara
1196 1020 1327 1060 nomi-

195 1087 362 1128 nantur,
395 1079 563 1132 equites.
592 1080 668 1120 me
686 1090 748 1119 est
767 1079 966 1135 magister
987 1080 1162 1132 equitum
1181 1109 1194 1129 ,
1216 1091 1329 1132 quens

195 1137 324 1193 vulgo*
363 1139 538 1178 comitem
578 1136 644 1196 (b)
686 1138 866 1202 stabilem
901 1137 1101 1194 appellant
1128 1166 1143 1189 ,
1178 1137 1330 1178 nomine

200 1253 261 1311 (a)
319 1256 548 1300 olosericis
565 1288 577 1308 ,
597 1267 639 1299 et
658 1258 889 1310 olobryzss,
909 1258 1080 1298 nomina
1101 1262 1198 1296 sunt
1215 1268 1335 1296 com-

141 1318 294 1363 posita.
321 1319 438 1358 Prius
457 1319 482 1358 ὲ
499 1330 637 1372 graeco
660 1318 767 1368 olos,
787 1330 831 1367 u,
853 1317 896 1357 id
917 1327 978 1357 est
1002 1326 1140 1364 totus,
1161 1315 1336 1366 solidus,

141 1384 187 1414 et
210 1377 387 1417 sericum
402 1408 415 1428 ,
433 1378 556 1419 serici
569 1407 584 1428 ,
610 1376 728 1427 seda,
751 1377 848 1417 inde
869 1377 997 1417 vestis
1011 1374 1211 1414 oloserica
1235 1385 1338 1430 ves„-

142 1432 230 1474 n'do
249 1433 296 1474 de
318 1435 410 1477 toda
436 1436 547 1478 seda.
568 1436 778 1477 Posterius
804 1436 930 1476 etiam
956 1435 977 1473 ὲ
1003 1444 1130 1485 greco
1147 1431 1260 1482 clos,
1289 1440 1338 1471 etv

143 1493 348 1544 obryzum
370 1525 383 1547 ,
407 1509 556 1537 aurum
586 1508 751 1547 purum.
792 1493 847 1535 D.
870 1493 1115 1541 Hieronym.
1147 1490 1336 1538 obryzon

144 1563 294 1594 aurum
311 1554 471 1596 dictum
488 1568 574 1596 esse
596 1563 718 1605 putat
733 1554 849 1602 quasi
871 1549 1106 1602 ophirizutu
1121 1579 1134 1600 ,
1151 1549 1264 1599 quod
1285 1561 1339 1589 ex

147 1607 288 1660 Ophir
305 1615 441 1654 insula
459 1612 843 1665 praestantissimum
860 1623 1006 1650 aurum
1019 1607 1173 1650 advehi
1189 1607 1340 1650 soleat.

147 1667 290 1710 Potest
307 1673 434 1712 etiam
452 1673 537 1712 dici
555 1669 805 1723 olochrysis,
820 1671 873 1710 ab
895 1670 985 1710 olos
997 1698 1010 1719 ,
1032 1680 1074 1710 et
1094 1667 1280 1718 chrysos,
1294 1678 1341 1717 u,

147 1737 312 1769 autum.
337 1727 406 1771 Sic
423 1728 747 1782 chrysostomus
766 1759 779 1781 ,
804 1742 850 1770 os
866 1759 880 1781 ‚
907 1740 1080 1777 aurum,
1103 1727 1129 1767 a
1154 1726 1341 1776 chrysos,

148 1795 320 1839 autum,
335 1797 379 1828 et
399 1799 548 1841 stoma,
569 1798 774 1830 stomatos
787 1819 800 1839 ‚
824 1802 893 1841 os,
912 1789 1009 1828 oris.
1027 1785 1138 1827 Boea
1155 1797 1168 1825 t
1189 1785 1279 1839 pico
1294 1783 1342 1824 de

147 1856 231 1886 oro.
252 1846 333 1886 Asi
353 1847 500 1890 llaman
528 1851 554 1889 ά
584 1847 667 1889 San
697 1846 817 1901 Juan
835 1848 1088 1890 Criso'stomo.

206 1900 273 1962 (b)
303 1905 474 1949 Dicitur
492 1909 619 1949 etiam
636 1908 835 1961 magister
855 1910 1045 1957 equitum
1061 1934 1072 1955 ,
1094 1903 1342 1953 fflvpfflt‘u'»

156 1964 205 2018 ἰ,
235 1964 261 2006 ὲ
282 1977 418 2019 gtaeco
437 1965 698 2020 Hipparchos
715 1995 730 2020 ,
755 1979 783 2009 u
800 1997 814 2022 ‚
841 1968 1027 2017 equitum
1050 1961 1287 2016 praefectus.
