1390 2190
122 99 189 158 78
485 106 748 140 Lunovlcus
781 105 944 141 νινεε.

127 166 187 207 Ν.
222 160 334 215 Quid
367 160 561 203 tandem?
810 191 811 195 ,

126 226 181 266 Τ.
201 223 378 263 Clodium
400 222 540 262 ardere
557 219 715 276 perdite
744 221 787 261 in
819 219 993 276 puellam
1022 218 1218 274 quandam
1236 250 1249 272 ,
1279 228 1320 262 et

185 284 402 324 Lusconem
427 280 688 322 transtulisse
708 294 750 320 se
769 281 823 319 ad
854 290 1116 322 mercaturam
1145 281 1172 321 a*
1201 282 1320 321 litte·

187 345 251 383 ris
268 356 280 382 t
314 340 384 382 hoc
403 349 464 381 est
481 370 495 394 ‚
515 340 566 382 ab
589 340 704 394 equis
724 339 776 381 ad
795 340 949 382 asinas.

129 462 191 503 N.
223 460 335 513 Quid
353 458 499 502 audio?
556 499 558 503 ‚

128 522 181 563 Τ.
216 521 395 560 Clodium
426 516 581 558 noratis
614 529 747 558 omnes
770 517 880 558 succi
902 516 1063 572 plenum
1081 547 1095 570 ,
1126 516 1323 563 rubicun-

185 579 308 630 dum,
340 578 435 618 bene
470 576 682 628 habitum,
716 577 916 628 hilarem,
953 577 1070 617 vultu
1106 576 1325 627 renidenti,

186 651 328 679 comem
357 667 370 688 ,
405 635 608 687 festivum
645 634 1012 686 confabulatorem:
1046 648 1149 675 nunc
1195 635 1324 687 refert

187 698 254 739 ille
271 726 286 749 ,
321 709 407 736 esse
437 708 619 735 exuccum
639 724 653 746 ,
685 704 725 734 et
763 707 983 751 exanguem
1001 724 1016 745 ,
1048 693 1186 749 putido
1215 695 1324 734 colo-

187 771 256 808 re,
277 764 396 810 atque
414 754 510 795 adeo=
530 753 682 804 lurido,
700 752 935 794 imbecillum
947 782 961 804 ,
981 752 1210 804 horridum„
1227 763 1324 792 tru-

188 830 298 867 cem,
333 815 610 863 taciturnum,
637 812 891 866 fugitantem
923 813 1053 863 lucis,
1087 821 1125 851 et
1162 811 1325 852 humani

188 875 383 915 consortii
401 888 412 913 :
433 886 542 913 nemo
560 873 629 926 qui
649 872 762 911 illum
780 870 952 912 vidisset
979 871 1101 926 prius
1112 901 1126 924 ‚
1137 872 1225 926 jam
1242 885 1325 926 ag-

119 965 121 967 .
186 943 381 976 nosceret.

131 994 192 1035 N.
213 993 246 1034 Ο
270 993 461 1034 miserum
489 988 772 1032 adolescentem
788 1003 801 1030 ε
829 987 934 1030 unde
951 986 996 1029 ia
1020 988 1150 1031 mali3

128 1053 182 1094 T.
218 1051 286 1093 Ex
320 1064 466 1093 amore.

128 1112 188 1153 N.
219 1113 279 1151 At
306 1111 407 1151 unde
428 1107 567 1150 amor?
849 1148 851 1150 ,
1019 1147 1026 1152 ,

129 1171 181 1213 Τ.
220 1171 423 1223 Quantum
459 1183 508 1209 ese
549 1167 728 1216 oratione
765 1165 967 1208 tabellarii
998 1165 1115 1221 potui
1155 1164 1327 1222 collige-

190 1244 237 1272 re
254 1260 268 1282 ,
303 1229 525 1282 reliquerat
550 1227 661 1267 seria
677 1256 691 1278 ,
730 1235 770 1266 et
804 1225 932 1266 solida
960 1225 1096 1266 studia
1115 1254 1130 1276 ,
1162 1224 1326 1265 dederas

190 1302 279 1330 sese
307 1298 486 1328 cunctum
514 1287 648 1342 poetis
676 1286 846 1327 lascivis
862 1314 876 1335 ,
909 1285 1051 1325 latinis
1068 1314 1081 1335 ‚
1109 1293 1148 1322 et
1175 1283 1326 1337 linguge

189 1348 380 1404 vulgaris
398 1361 409 1385 ε
427 1346 528 1386 unde
543 1347 677 1401 prima
692 1345 816 1386 animi
833 1342 1076 1398 praeparatio
1092 1370 1106 1390 ‚
1125 1350 1168 1380 ut
1186 1342 1224 1380 si
1243 1354 1324 1395 qua

189 1408 305 1463 ignis
325 1405 503 1446 scintilla
522 1406 564 1445 in
588 1405 699 1445 illum
724 1402 918 1443 incideret
945 1400 1128 1452 fomitem
1146 1429 1159 1450 ,
1190 1414 1325 1452 quan-

186 1464 367 1508 tumlibet
383 1465 550 1520 exigua,
568 1462 702 1503 subita
719 1460 1034 1512 inflammaretur
1049 1457 1159 1499 velut
1178 1468 1322 1513 stupa:

187 1523 420 1567 tradiderat
452 1536 496 1562 se
515 1534 648 1562 somno
664 1549 680 1573 ,
707 1529 746 1560 et
775 1520 868 1559 otio.

131 1699 190 1743 N.
216 1697 331 1752 Quid
359 1709 517 1738 necesse
545 1693 668 1736 babes
685 1694 826 1750 plures
842 1724 856 1746 ,
883 1702 954 1735 aut
980 1695 1154 1748 majores
1181 1704 1328 1735 causas

191 1756 355 1800 amandi
386 1756 711 1796 commemorare?

131 1817 183 1860 Τ.
216 1816 340 1861 Nunc
367 1815 550 1856 insanit:
582 1813 755 1854 ambulat
784 1813 1020 1868 plerumque
1053 1811 1186 1851 solus:
1221 1824 1327 1850 sem·-

187 1888 263 1933 per
281 1884 411 1916 autem
441 1873 509 1919 vel,
531 1874 705 1924 tacitus,
732 1874 797 1911 vel
828 1873 1046 1913 cantillam
1073 1869 1227 1923 aliquid
1243 1877 1326 1914 :fet

191 1935 396 1979 modulans
413 1963 427 1988 ,
447 1932 594 1974 scribit
620 1945 766 1974 versus
785 1944 960 1974 sermone
983 1930 1219 1977 vernaculo..
1239 1954 1246 1960 -

1195 2058 1249 2096 {2⁹⁴¹
