1390 2190
122 81 189 128 80
481 93 745 126 Lunovxcus
777 92 941 126 vwzs.

118 146 184 190 N.v
209 147 404 190 Scilicet:
439 161 536 203 quos
557 150 666 203 legat
697 149 788 202 ipsa
811 147 970 187 Licdris
986 144 1072 203 (ει).-

119 207 175 248 G.
212 209 244 248 O
265 208 456 258 Christe,
486 218 623 248 averte
661 206 711 248 ab
745 207 894 248 animis
925 208 1078 248 nostris
1105 215 1190 248 tam
1209 215 1315 264 per-

178 268 370 308 niciosum
390 265 579 307 morbum.
1075 285 1077 287 ·

118 324 172 366 Τ.
197 326 296 366 Nisi
328 341 387 366 me
411 327 618 381 ingenium
644 324 775 366 Clodii
791 324 940 377 fallit,
958 290 1123 381 recipiet
1156 339 1198 367 se
1227 326 1317 367 ali-

176 385 331 439 quando
347 385 414 425 ille
430 385 481 425 ad
493 384 660 440 frugem
675 386 892 424 meliorem.
908 386 1198 441 peregrinatur
1222 387 1314 427 ani-

180 459 265 483 mus
288 447 380 497 ejus
401 446 444 484 in
463 444 664 498 nequitia,
685 457 759 483 non
779 444 955 484 habitat.

120 502 175 543 G.
199 504 254 542 Et
276 505 343 543 ille
367 504 471 544 alter
492 515 591 556 quas
611 514 859 543 mercaturas
878 503 1069 544 exercet?
1122 526 1126 533 ·
1178 524 1183 531 ·
1209 539 1213 541 .
1299 535 1313 539 ..

120 561 173 601 Τ.
208 562 331 602 Misit
361 561 414 600 ad
439 570 596 616 patrem
627 562 865 615 epistolsmt,⁴
881 560 1316 619 flebiliter-conscrip-

179 630 262 660 tam
283 622 330 660 de
357 621 505 660 misera
533 620 752 660 conditione
771 620 991 660 studiorum
1009 649 1022 669 ,
1044 635 1161 674 quam
1177 651 1190 672 ,
1210 621 1317 676 quod

179 689 284 718 esset
310 679 527 733 apertuit,
556 679 657 734 legit
693 680 786 733 ipse·
814 679 1064 719 tabellarius.
1092 680 1216 720 Pater
1236 682 1316 722 ho-

179 752 239 777 mo
259 752 408 778 crassoe
429 738 628 777 Minervae
646 767 658 788 ,
686 738 906 778 transdidit
930 752 1013 777 eum
1037 738 1063 777 a
1083 739 1240 779 chartis
1259 738 1315 781 ad

179 798 295 837 lanas
313 827 325 847 ,
342 807 497 851 pannos
510 826 521 846 ,
534 797 715 851 glastum
732 826 745 846 ,
760 798 876 851 piper
889 825 903 847 ,
920 796 1118 852 gingiber
1129 827 1143 848 ,
1163 801 1316 839 cinna-

176 870 356 896 momum.
388 855 509 894 Nunc
527 855 594 894 ille
613 857 837 895 succinctus
857 855 1028 895 braccha
1045 885 1057 905 ,
1089 857 1189 896 mire
1208 856 1314 896 dili-

177 927 282 971 gens
302 945 315 965 ,
345 923 382 953 et
416 913 579 953 sedulus
614 914 656 953 in
690 914 934 955 aromataria
969 913 1164 964 taberna,
1197 925 1314 956 vocat

182 974 424 1015 adventores
442 1002 454 1023 ,
484 973 636 1027 excipit
669 971 867 1023 blandus,
902 973 1062 1013 scandit
1077 1002 1093 1022 ‚
1112 973 1315 1014 descendit

174 1046 252 1087 per
268 1034 399 1073 scalas
421 1030 736 1083 infestissimas:
755 1030 914 1087 profert
930 1045 1026 1072 suas
1041 1044 1206 1082 merces,
1221 1046 1316 1072 ver-

182 1093 236 1131 tit
254 1123 266 1142 ‚
289 1093 458 1136 invertit
479 1120 491 1140 ,
511 1092 702 1130 mentitur
719 1121 732 1143 ,
758 1094 947 1147 pejeratz
975 1094 1108 1133 omnia
1135 1101 1228 1132 sunt
1251 1091 1316 1132 illi

180 1151 332 1192 leviora
345 1180 359 1203 ,
380 1151 499 1205 qua'm
520 1150 695 1192 studere.

121 1329 181 1369 N.
223 1329 264 1369 Α
300 1338 425 1384 puero
471 1328 565 1368 novi
614 1328 727 1368 illum
776 1336 970 1370 attentum
1016 1326 1071 1368 ad
1114 1338 1199 1366 rem
1220 1355 1236 1376 ‚
1274 1334 1316 1368 er

179 1388 371 1430 delectari
408 1388 609 1428 numulis:
649 1388 784 1441 itaque
824 1388 1014 1442 potiorem
1054 1384 1195 1425 habuit
1231 1399 1315 1426 nu·

182 1502 242 1561 (a)
303 1504 421 1544 Prius
442 1501 647 1553 Cytheris
660 1504 698 1542 ei
723 1514 872 1542 nomen
903 1500 986 1540 fuit
1003 1530 1016 1551 ‚
1046 1511 1188 1551 postea
1213 1502 1314 1542 vet&

120 1564 328 1614 Lycffltis,
360 1563 472 1611 idis,
504 1561 548 1600 id
584 1570 646 1599 est
683 1560 831 1609 Lupa.
863 1559 1002 1610 Lycos
1029 1562 1142 1599 enim
1169 1560 1315 1612 ςτεςὲ,

123 1623 247 1672 lupus
269 1619 402 1660 latine
431 1620 602 1659 dicitur.
631 1618 804 1658 Ponitur
825 1628 966 1658 autem
988 1617 1093 1669 saep&
1115 1621 1214 1669 lupa
1235 1633 1314 1670 pto

122 1680 354 1720 meretrice.
376 1678 466 1722 Hoc
497 1668 1314 1729 εοςηοηιὶηε,,ερρεὶὶαιὲιῐη-ῲειιῐεηῐίεω

121 1738 317 1779 Faustuli
340 1748 508 1777 uxorem
530 1736 642 1787 apud
661 1735 828 1775 Livium
851 1738 1068 1786 invenies,
1088 1737 1316 1784 quodem-

125 1800 239 1850 potis
258 1797 322 1837 sui
344 1798 581 1846 pastoribus
601 1796 763 1844 copiam
787 1795 953 1838 faceret.
973 1796 1011 1835 A
1032 1798 1132 1844 lupa
1151 1792 1218 1849 (in
1235 1795 1315 1835 hae

124 1852 454 1910 significatione)
478 1854 653 1904 lupanat
671 1882 684 1904 ,
704 1853 823 1894 locus
837 1883 849 1904 ‚
873 1855 950 1895 ubi
981 1857 1114 1903 iupae,
1129 1851 1315 1906 «hoca-est,

124 1916 363 1963 meretrices
384 1925 584 1964 pgostant.
603 1912 908 1965 Lugatdonde
928 1925 972 1955 se
1008 1912 1141 1955 vende
1162 1911 1205 1952 la
1230 1910 1314 1951 ho-

126 1975 333 2017 nes'tidad.
356 1973 511 2027 Virgil.
535 1973 685 2026 Eclog.
711 1985 778 2013 ιο.
801 1986 841 2014 v.
864 1984 904 2013 2.
1100 1991 1104 1995 ¹
