1390 2190
127 92 192 155 76
489 107 751 141 mnovxcns
785 104 950 139 vzvsss.

180 160 306 203 Posce
329 162 356 203 d
377 162 493 203 novis
514 164 599 203 illis
618 161 834 218 magistris
854 159 1175 204 Parisiensibus.
1222 178 1224 181 ·
1277 177 1285 182 “
1311 179 1316 181 ·

123 276 181 320 G.
213 278 402 333 Plerique
431 279 592 321 illorum
613 277 796 321 vestibus
831 286 925 319 sunt
950 251 1208 334 philosophi,
1240 289 1322 322 non

183 337 356 380 cerebro.
1314 365 1321 370 -

125 394 183 438 N.
213 397 325 450 Quid
348 399 409 440 ita
429 398 641 440 vestibus.
627 398 644 428 ²
681 396 791 439 Nam
811 408 953 451 coquos
974 396 1113 452 potius
1141 369 1320 452 dix-eris,

182 467 250 496 aut
286 457 492 498 muliones.

125 512 179 555 G.
204 516 310 566 Quia
327 526 494 571 gestant
515 529 583 556 eas
612 529 810 568 crassas,
839 514 1047 568 detritas,
1081 514 1321 572 lutulentas,

184 575 438 626 immundas,
462 575 729 630 pediculosas.

125 631 183 672 N.
208 633 343 673 Erunt
355 647 459 702 ergo
472 633 709 689 philosophi
736 632 881 688 cynici.

125 689 180 733 G.
212 692 296 732 Imo
326 693 487 733 cimici·
515 707 621 743 non,
649 693 750 747 quod
784 691 918 732 videri
947 688 1173 744 affectant,
1196 694 1319 749 peri..

176 753 378 806 patetici·
411 754 558 807 quippe
594 751 838 792 Aristoteles
856 760 969 790 sectae
984 751 1206 804 princeps,
1226 754 1316 793 oul-

183 811 369 851 tissimus
400 812 505 861 fuit.
534 809 670 878 Ego
672 811 766 850 vero
801 810 958 864 longum
978 808 1068 849 vale
1103 808 1192 849 dico
1221 813 1310 864 jam

181 884 284 909 nunc
310 870 604 925 philosophiae,
633 869 670 908 si
692 869 814 910 aliter
834 881 909 908 non
921 879 1085 923 possum
1113 878 1200 908 esse
1214 870 1320 924 phi-

182 929 380 984 losophus.
412 929 523 981 Quid
558 930 661 968 enim
689 928 934 983 pulchrius,
969 934 1008 966 et
1043 926 1196 966 homine
1220 927 1318 984 dig-

181 989 305 1039 nius,
341 1002 462 1042 quam
482 987 729 1036 mundities,
764 996 803 1026 et
839 984 977 1027 civilis
1003 983 1167 1038 quidem
1186 987 1318 1028 cultus

184 1048 227 1087 in
249 1049 388 1098 victu,
409 1058 445 1088 et
468 1048 654 1087 vestitu.
640 1047 658 1077 ²
681 1046 744 1086 Ea
767 1047 808 1086 in
829 1059 871 1085 re
893 1052 1101 1085 antestant
1119 1057 1210 1086 mea
1220 1059 1319 1088 sen-

186 1107 315 1148 tentia
350 1107 624 1148 Lovanienses
645 1103 968 1146 Parisiensibus.

128 1282 180 1325 Τ.
216 1283 326 1336 Quid
346 1283 423 1325 tu?
454 1283 548 1325 Non
576 1292 701 1339 putas
738 1295 823 1323 esse
859 1278 1132 1337 impedimento
1167 1278 1320 1322 studiis

186 1344 352 1386 nimiam
371 1358 506 1386 curam
526 1342 764 1395 munditiae,
796 1352 914 1396 atque
934 1338 1258 1395 elegantiarum.
1243 1339 1262 1368 ²

125 1459 182 1503 G.
205 1461 296 1518 Ego
317 1461 472 1516 quidem
492 1461 723 1502 munditiem
745 1458 899 1513 probo·
925 1455 1110 1507 anxiam,
1128 1464 1167 1495 et
1187 1469 1323 1498 moro-

185 1535 269 1562 sam
290 1522 403 1560 illius
425 1534 561 1559 curam
582 1517 773 1572 improbo.

124 1579 185 1619 N.
222 1580 405 1620 Damnas
429 1587 471 1616 tu
491 1575 744 1632 elegantias?
769 1575 831 1614 De
851 1572 997 1628 quibus
1026 1572 1196 1628 scripsit
1215 1573 1321 1623 Val-

185 1638 225 1677 la
249 1648 328 1678 tam
359 1635 504 1687 diffuse
526 1665 539 1686 ,
574 1648 748 1688 quasque
770 1633 864 1674 adeo·
887 1633 1103 1689 diligenter
1124 1645 1325 1677 commen-

177 1696 285 1736 dant
322 1695 435 1734 nobis
455 1695 588 1735 nostri
604 1703 882 1748 praeceptores.
1264 1709 1268 1714 ·

125 1752 183 1798 G.
218 1755 328 1794 Alia
346 1763 407 1792 est
444 1752 654 1794 verborum
688 1755 731 1792 in
762 1750 949 1806 quuendo
978 1749 1210 1806 elegantia,
1238 1750 1324 1792 alia

186 1827 318 1853 rerum
355 1814 398 1851 in
427 1812 649 1852 vestiendo.
1312 1831 1316 1835 «

125 1873 177 1914 Τ.
215 1871 345 1912 Scttis
380 1871 477 1921 quid
501 1881 562 1912 est
599 1869 697 1913 mihi
726 1879 937 1912 narratum
961 1883 988 1910 a
1014 1866 1225 1911 tabellario
1244 1866 1326 1911 Les-2

151 1974 157 1977 ,
183 1930 370 1974 vaniensi
380 1931 398 1972 ἓ
1178 1950 1180 1952 v
