<?xml version="1.0" encoding="UTF-8"?>
<!DOCTYPE html PUBLIC "-//W3C//DTD XHTML 1.0 Transitional//EN"
    "http://www.w3.org/TR/xhtml1/DTD/xhtml1-transitional.dtd">
<html xmlns="http://www.w3.org/1999/xhtml" xml:lang="en" lang="en">
 <head>
  <title>
</title>
<meta http-equiv="Content-Type" content="text/html;charset=utf-8" />
  <meta name='ocr-system' content='tesseract 3.04.00' />
  <meta name='ocr-capabilities' content='ocr_page ocr_carea ocr_par ocr_line ocrx_word'/>
</head>
<body>
  <div class='ocr_page' id='page_1' title='image "./dialogos00viveuoft_0324.png"; bbox 0 0 1390 2216; ppageno 0'>
   <div class='ocr_carea' id='block_1_1' title="bbox 155 142 1390 1389">
    <p class='ocr_par' dir='ltr' id='par_1_1' title="bbox 160 142 1390 320">
     <span class='ocr_line' id='line_1_1' title="bbox 161 142 1006 201; baseline -0.002 -12"><span class='ocrx_word' id='word_1_1' title='bbox 161 142 257 201; x_wconf 75' lang='lat'><em>308</em></span> <span class='ocrx_word' id='word_1_2' title='bbox 533 153 795 188; x_wconf 72' lang='lat' dir='ltr'><em>tunowcns</em></span> <span class='ocrx_word' id='word_1_3' title='bbox 827 154 1006 188; x_wconf 63' lang='lat' dir='ltr'><em>uvas.-</em></span> 
     </span>
     <span class='ocr_line' id='line_1_2' title="bbox 160 205 1390 264; baseline 0 -14"><span class='ocrx_word' id='word_1_4' title='bbox 160 211 232 251; x_wconf 75' lang='lat' dir='ltr'><em>b&#39;o.</em></span> <span class='ocrx_word' id='word_1_5' title='bbox 256 207 521 263; x_wconf 82' lang='lat' dir='ltr'><em>Nunquamne</em></span> <span class='ocrx_word' id='word_1_6' title='bbox 531 207 663 260; x_wconf 84' lang='lat' dir='ltr'><em>fando</em></span> <span class='ocrx_word' id='word_1_7' title='bbox 691 207 888 250; x_wconf 75' lang='lat' dir='ltr'><em>audivisti</em></span> <span class='ocrx_word' id='word_1_8' title='bbox 907 205 1117 248; x_wconf 82' lang='lat' dir='ltr'><em>nominari</em></span> <span class='ocrx_word' id='word_1_9' title='bbox 1113 206 1340 264; x_wconf 78' lang='lat' dir='ltr'><em>Platonem,</em></span> <span class='ocrx_word' id='word_1_10' title='bbox 1388 236 1390 241; x_wconf 90' lang='lat'><em>-</em></span> 
     </span>
     <span class='ocr_line' id='line_1_3' title="bbox 217 258 1340 347; baseline 0.002 -39"><span class='ocrx_word' id='word_1_11' title='bbox 217 269 510 322; x_wconf 68' lang='lat' dir='ltr'><em>Ariste-,telem</em></span> <span class='ocrx_word' id='word_1_12' title='bbox 529 266 784 320; x_wconf 82' lang='lat' dir='ltr'><em>Ciceronem,</em></span> <span class='ocrx_word' id='word_1_13' title='bbox 805 265 989 308; x_wconf 76' lang='lat' dir='ltr'><em>Senecam</em></span> <span class='ocrx_word' id='word_1_14' title='bbox 1001 258 1216 347; x_wconf 56' lang='lat' dir='ltr'><em>,Liviffim‚</em></span> <span class='ocrx_word' id='word_1_15' title='bbox 1232 267 1340 311; x_wconf 84' lang='lat' dir='ltr'><em>Plu-</em></span> 
     </span>
    </p>

    <p class='ocr_par' dir='ltr' id='par_1_2' title="bbox 215 325 664 368">
     <span class='ocr_line' id='line_1_4' title="bbox 215 325 664 368; baseline 0.007 -2"><span class='ocrx_word' id='word_1_16' title='bbox 215 327 397 368; x_wconf 83' lang='lat' dir='ltr'><em>tarchum</em></span> <span class='ocrx_word' id='word_1_17' title='bbox 409 325 429 367; x_wconf 74' lang='grc' dir='ltr'>ἓ</span> <span class='ocrx_word' id='word_1_18' title='bbox 661 346 664 350; x_wconf 73' lang='grc'>’</span> 
     </span>
    </p>

    <p class='ocr_par' dir='ltr' id='par_1_3' title="bbox 156 383 1341 486">
     <span class='ocr_line' id='line_1_5' title="bbox 156 383 1341 444; baseline 0.002 -18"><span class='ocrx_word' id='word_1_19' title='bbox 156 385 233 427; x_wconf 86' lang='lat' dir='ltr'><em>Ph.</em></span> <span class='ocrx_word' id='word_1_20' title='bbox 258 386 421 444; x_wconf 84' lang='lat' dir='ltr'><em>Magna</em></span> <span class='ocrx_word' id='word_1_21' title='bbox 441 386 626 428; x_wconf 85' lang='lat' dir='ltr'><em>nomina.</em></span> <span class='ocrx_word' id='word_1_22' title='bbox 654 394 787 442; x_wconf 65' lang='lat' dir='ltr'><em>saepe,</em></span> <span class='ocrx_word' id='word_1_23' title='bbox 817 392 855 426; x_wconf 90' lang='lat' dir='ltr'><em>et</em></span> <span class='ocrx_word' id='word_1_24' title='bbox 886 398 973 426; x_wconf 88' lang='lat' dir='ltr'><em>cum</em></span> <span class='ocrx_word' id='word_1_25' title='bbox 992 385 1147 441; x_wconf 81' lang='lat' dir='ltr'><em>ingenti</em></span> <span class='ocrx_word' id='word_1_26' title='bbox 1160 383 1341 434; x_wconf 64' lang='lat' dir='ltr'><em>admira,-</em></span> 
     </span>
     <span class='ocr_line' id='line_1_6' title="bbox 216 445 1159 496; baseline 0.003 -11"><span class='ocrx_word' id='word_1_27' title='bbox 216 447 351 496; x_wconf 84' lang='lat' dir='ltr'><em>tione,</em></span> <span class='ocrx_word' id='word_1_28' title='bbox 372 459 418 486; x_wconf 88' lang='lat' dir='ltr'><em>ac</em></span> <span class='ocrx_word' id='word_1_29' title='bbox 436 445 565 486; x_wconf 84' lang='lat' dir='ltr'><em>laude.</em></span> <span class='ocrx_word' id='word_1_30' title='bbox 1157 465 1159 467; x_wconf 95' lang='lat'>·</span> 
     </span>
    </p>

    <p class='ocr_par' dir='ltr' id='par_1_4' title="bbox 156 495 1390 675">
     <span class='ocr_line' id='line_1_7' title="bbox 156 495 1390 559; baseline -0.001 -13"><span class='ocrx_word' id='word_1_31' title='bbox 156 503 226 546; x_wconf 88' lang='lat' dir='ltr'><em>So.</em></span> <span class='ocrx_word' id='word_1_32' title='bbox 256 504 326 545; x_wconf 88' lang='lat' dir='ltr'><em>Illi</em></span> <span class='ocrx_word' id='word_1_33' title='bbox 345 505 457 557; x_wconf 85' lang='lat' dir='ltr'><em>ipsi,</em></span> <span class='ocrx_word' id='word_1_34' title='bbox 488 513 527 543; x_wconf 87' lang='lat' dir='ltr'><em>et</em></span> <span class='ocrx_word' id='word_1_35' title='bbox 561 503 637 544; x_wconf 85' lang='lat' dir='ltr'><em>alii</em></span> <span class='ocrx_word' id='word_1_36' title='bbox 667 500 858 558; x_wconf 82' lang='lat' dir='ltr'><em>permulti</em></span> <span class='ocrx_word' id='word_1_37' title='bbox 888 516 1019 543; x_wconf 88' lang='lat' dir='ltr'><em>eorum</em></span> <span class='ocrx_word' id='word_1_38' title='bbox 1051 498 1204 542; x_wconf 79' lang='lat' dir='ltr'><em>similes</em></span> <span class='ocrx_word' id='word_1_39' title='bbox 1221 532 1235 553; x_wconf 90' lang='lat'><strong>,</strong></span> <span class='ocrx_word' id='word_1_40' title='bbox 1257 506 1342 559; x_wconf 73' lang='lat' dir='ltr'><em>jam</em></span> <span class='ocrx_word' id='word_1_41' title='bbox 1385 495 1390 500; x_wconf 41' lang='lat'><em>¹</em></span> 
     </span>
     <span class='ocr_line' id='line_1_8' title="bbox 212 559 1342 617; baseline 0.001 -14"><span class='ocrx_word' id='word_1_42' title='bbox 212 562 305 603; x_wconf 88' lang='lat' dir='ltr'><em>olim</em></span> <span class='ocrx_word' id='word_1_43' title='bbox 334 563 424 602; x_wconf 64' lang='lat' dir='ltr'><em>vita</em></span> <span class='ocrx_word' id='word_1_44' title='bbox 434 560 597 613; x_wconf 80' lang='lat' dir='ltr'><em>functi,</em></span> <span class='ocrx_word' id='word_1_45' title='bbox 617 559 974 613; x_wconf 85' lang='lat' dir='ltr'><em>confabulabuntur</em></span> <span class='ocrx_word' id='word_1_46' title='bbox 994 571 1154 614; x_wconf 81' lang='lat' dir='ltr'><em>tecum,</em></span> <span class='ocrx_word' id='word_1_47' title='bbox 1174 565 1342 617; x_wconf 77' lang='lat' dir='ltr'><em>quoties,</em></span> 
     </span>
     <span class='ocr_line' id='line_1_9' title="bbox 214 619 648 675; baseline 0.002 -14"><span class='ocrx_word' id='word_1_48' title='bbox 214 630 251 661; x_wconf 84' lang='lat' dir='ltr'><em>et</em></span> <span class='ocrx_word' id='word_1_49' title='bbox 271 620 448 675; x_wconf 83' lang='lat' dir='ltr'><em>quandiu</em></span> <span class='ocrx_word' id='word_1_50' title='bbox 467 619 648 662; x_wconf 78' lang='lat' dir='ltr'><em>libuerit.</em></span> 
     </span>
    </p>

    <p class='ocr_par' dir='ltr' id='par_1_5' title="bbox 155 678 488 732">
     <span class='ocr_line' id='line_1_10' title="bbox 155 678 488 732; baseline -0.006 -11"><span class='ocrx_word' id='word_1_51' title='bbox 155 680 232 723; x_wconf 85' lang='lat' dir='ltr'><em>Ph.</em></span> <span class='ocrx_word' id='word_1_52' title='bbox 257 678 488 732; x_wconf 66' lang='lat' dir='ltr'><em>Quomodo?</em></span> 
     </span>
    </p>

    <p class='ocr_par' dir='ltr' id='par_1_6' title="bbox 155 737 1340 840">
     <span class='ocr_line' id='line_1_11' title="bbox 155 737 1340 796; baseline -0.003 -14"><span class='ocrx_word' id='word_1_53' title='bbox 155 739 226 782; x_wconf 86' lang='lat' dir='ltr'><em>So.</em></span> <span class='ocrx_word' id='word_1_54' title='bbox 249 739 392 780; x_wconf 79' lang='lat' dir='ltr'><em>Libris</em></span> <span class='ocrx_word' id='word_1_55' title='bbox 406 768 421 791; x_wconf 88' lang='lat'><strong>,</strong></span> <span class='ocrx_word' id='word_1_56' title='bbox 441 752 538 795; x_wconf 85' lang='lat' dir='ltr'><em>quos</em></span> <span class='ocrx_word' id='word_1_57' title='bbox 557 738 610 782; x_wconf 77' lang='lat' dir='ltr'><em>ad</em></span> <span class='ocrx_word' id='word_1_58' title='bbox 632 737 841 781; x_wconf 74' lang='lat' dir='ltr'><em>docendum</em></span> <span class='ocrx_word' id='word_1_59' title='bbox 859 738 1137 796; x_wconf 81' lang='lat' dir='ltr'><em>posteritatem</em></span> <span class='ocrx_word' id='word_1_60' title='bbox 1166 737 1340 793; x_wconf 81' lang='lat' dir='ltr'><em>relique-</em></span> 
     </span>
     <span class='ocr_line' id='line_1_12' title="bbox 215 809 389 840; baseline 0.006 -2"><span class='ocrx_word' id='word_1_61' title='bbox 215 809 324 840; x_wconf 84' lang='lat' dir='ltr'><em>runt.</em></span> <span class='ocrx_word' id='word_1_62' title='bbox 386 814 389 816; x_wconf 76' lang='grc'>’</span> 
     </span>
    </p>

    <p class='ocr_par' dir='ltr' id='par_1_7' title="bbox 157 856 1132 911">
     <span class='ocr_line' id='line_1_13' title="bbox 157 856 1132 911; baseline 0 -14"><span class='ocrx_word' id='word_1_63' title='bbox 157 856 235 898; x_wconf 86' lang='lat' dir='ltr'><em>Ph.</em></span> <span class='ocrx_word' id='word_1_64' title='bbox 257 858 368 910; x_wconf 78' lang='lat' dir='ltr'><em>Quin</em></span> <span class='ocrx_word' id='word_1_65' title='bbox 387 857 535 899; x_wconf 76' lang='lat' dir='ltr'><em>dantur</em></span> <span class='ocrx_word' id='word_1_66' title='bbox 555 857 654 899; x_wconf 81' lang='lat' dir='ltr'><em>mihi</em></span> <span class='ocrx_word' id='word_1_67' title='bbox 674 857 736 898; x_wconf 89' lang='lat' dir='ltr'><em>illi</em></span> <span class='ocrx_word' id='word_1_68' title='bbox 750 859 836 911; x_wconf 75' lang='lat' dir='ltr'><em>Jam</em></span> <span class='ocrx_word' id='word_1_69' title='bbox 854 858 899 906; x_wconf 80' lang='lat' dir='ltr'><em>in</em></span> <span class='ocrx_word' id='word_1_70' title='bbox 917 857 1132 898; x_wconf 68' lang='lat' dir='ltr'><em>manus?</em></span> 
     </span>
    </p>

    <p class='ocr_par' dir='ltr' id='par_1_8' title="bbox 155 915 1390 1389">
     <span class='ocr_line' id='line_1_14' title="bbox 155 915 1390 972; baseline -0.001 -15"><span class='ocrx_word' id='word_1_71' title='bbox 155 915 227 958; x_wconf 85' lang='lat' dir='ltr'><em>So.</em></span> <span class='ocrx_word' id='word_1_72' title='bbox 251 916 467 959; x_wconf 82' lang='lat' dir='ltr'><em>Dabuntur</em></span> <span class='ocrx_word' id='word_1_73' title='bbox 486 916 601 958; x_wconf 77' lang='lat' dir='ltr'><em>brevi</em></span> <span class='ocrx_word' id='word_1_74' title='bbox 621 947 634 969; x_wconf 90' lang='lat'>,</span> <span class='ocrx_word' id='word_1_75' title='bbox 658 925 915 972; x_wconf 81' lang='lat' dir='ltr'><em>posteaquam</em></span> <span class='ocrx_word' id='word_1_76' title='bbox 936 915 1128 967; x_wconf 77' lang='lat' dir='ltr'><em>didiceris</em></span> <span class='ocrx_word' id='word_1_77' title='bbox 1147 928 1235 955; x_wconf 87' lang='lat' dir='ltr'><em>eum</em></span> <span class='ocrx_word' id='word_1_78' title='bbox 1255 927 1342 956; x_wconf 86' lang='lat' dir='ltr'><em>ser-</em></span> <span class='ocrx_word' id='word_1_79' title='bbox 1384 927 1390 963; x_wconf 76' lang='lat'>3</span> 
     </span>
     <span class='ocr_line' id='line_1_15' title="bbox 213 971 1380 1031; baseline -0.001 -15"><span class='ocrx_word' id='word_1_80' title='bbox 213 989 358 1017; x_wconf 85' lang='lat' dir='ltr'><em>monem</em></span> <span class='ocrx_word' id='word_1_81' title='bbox 371 1007 384 1028; x_wconf 95' lang='lat'>,</span> <span class='ocrx_word' id='word_1_82' title='bbox 405 990 479 1031; x_wconf 86' lang='lat' dir='ltr'><em>quo</em></span> <span class='ocrx_word' id='word_1_83' title='bbox 495 976 631 1031; x_wconf 82' lang='lat' dir='ltr'><em>possis</em></span> <span class='ocrx_word' id='word_1_84' title='bbox 647 975 847 1029; x_wconf 80' lang='lat' dir='ltr'><em>loquentes</em></span> <span class='ocrx_word' id='word_1_85' title='bbox 867 974 958 1015; x_wconf 83' lang='lat' dir='ltr'><em>iuos</em></span> <span class='ocrx_word' id='word_1_86' title='bbox 978 974 1214 1031; x_wconf 74' lang='lat' dir='ltr'><em>intelligere.</em></span> <span class='ocrx_word' id='word_1_87' title='bbox 1235 971 1342 1015; x_wconf 82' lang='lat' dir='ltr'><em>Sus-</em></span> <span class='ocrx_word' id='word_1_88' title='bbox 1377 991 1380 994; x_wconf 55' lang='lat'><strong>⁴</strong></span> 
     </span>
     <span class='ocr_line' id='line_1_16' title="bbox 213 1032 1341 1092; baseline 0 -17"><span class='ocrx_word' id='word_1_89' title='bbox 213 1036 296 1076; x_wconf 87' lang='lat' dir='ltr'><em>tine</em></span> <span class='ocrx_word' id='word_1_90' title='bbox 337 1036 546 1092; x_wconf 80' lang='lat' dir='ltr'><em>paulisper</em></span> <span class='ocrx_word' id='word_1_91' title='bbox 566 1064 580 1087; x_wconf 89' lang='lat'>‚</span> <span class='ocrx_word' id='word_1_92' title='bbox 625 1040 741 1088; x_wconf 84' lang='lat' dir='ltr'><em>atqu&#39;e</em></span> <span class='ocrx_word' id='word_1_93' title='bbox 778 1033 879 1074; x_wconf 85' lang='lat' dir='ltr'><em>hanc</em></span> <span class='ocrx_word' id='word_1_94' title='bbox 923 1032 1078 1074; x_wconf 78' lang='lat' dir='ltr'><em>brevem</em></span> <span class='ocrx_word' id='word_1_95' title='bbox 1125 1032 1341 1075; x_wconf 79' lang='lat' dir='ltr'><em>molestiam</em></span> 
     </span>
     <span class='ocr_line' id='line_1_17' title="bbox 209 1090 1390 1150; baseline -0.002 -16"><span class='ocrx_word' id='word_1_96' title='bbox 209 1094 381 1150; x_wconf 80' lang='lat' dir='ltr'><em>perfer,</em></span> <span class='ocrx_word' id='word_1_97' title='bbox 405 1109 491 1149; x_wconf 77' lang='lat' dir='ltr'><em>quae</em></span> <span class='ocrx_word' id='word_1_98' title='bbox 518 1092 753 1135; x_wconf 79' lang='lat' dir='ltr'><em>devoranda·</em></span> <span class='ocrx_word' id='word_1_99' title='bbox 765 1100 828 1133; x_wconf 87' lang='lat' dir='ltr'><em>est</em></span> <span class='ocrx_word' id='word_1_100' title='bbox 858 1092 902 1132; x_wconf 87' lang='lat' dir='ltr'><em>in</em></span> <span class='ocrx_word' id='word_1_101' title='bbox 921 1090 1175 1147; x_wconf 79' lang='lat' dir='ltr'><em>accipiendis·</em></span> <span class='ocrx_word' id='word_1_102' title='bbox 1180 1092 1341 1146; x_wconf 63' lang='lat' dir='ltr'><em>prinei-</em></span> <span class='ocrx_word' id='word_1_103' title='bbox 1381 1099 1390 1136; x_wconf 50' lang='grc' dir='ltr'><em>ξ</em></span> 
     </span>
     <span class='ocr_line' id='line_1_18' title="bbox 210 1150 1384 1209; baseline -0.002 -16"><span class='ocrx_word' id='word_1_104' title='bbox 210 1154 326 1209; x_wconf 82' lang='lat' dir='ltr'><em>piis·</em></span> <span class='ocrx_word' id='word_1_105' title='bbox 348 1154 456 1195; x_wconf 86' lang='lat' dir='ltr'><em>illico</em></span> <span class='ocrx_word' id='word_1_106' title='bbox 470 1162 562 1209; x_wconf 86' lang='lat' dir='ltr'><em>post</em></span> <span class='ocrx_word' id='word_1_107' title='bbox 591 1151 849 1193; x_wconf 83' lang='lat' dir='ltr'><em>incredibiles</em></span> <span class='ocrx_word' id='word_1_108' title='bbox 870 1160 1080 1207; x_wconf 84' lang='lat' dir='ltr'><em>sequentur</em></span> <span class='ocrx_word' id='word_1_109' title='bbox 1109 1150 1340 1191; x_wconf 81' lang='lat' dir='ltr'><em>delectatio-</em></span> <span class='ocrx_word' id='word_1_110' title='bbox 1380 1166 1384 1169; x_wconf 91' lang='lat'>·</span> 
     </span>
     <span class='ocr_line' id='line_1_19' title="bbox 214 1174 1390 1268; baseline -0.003 -15"><span class='ocrx_word' id='word_1_111' title='bbox 214 1226 310 1264; x_wconf 90' lang='lat' dir='ltr'><em>nes,</em></span> <span class='ocrx_word' id='word_1_112' title='bbox 330 1226 430 1268; x_wconf 88' lang='lat' dir='ltr'><em>quas</em></span> <span class='ocrx_word' id='word_1_113' title='bbox 447 1212 516 1267; x_wconf 88' lang='lat' dir='ltr'><em>qui</em></span> <span class='ocrx_word' id='word_1_114' title='bbox 533 1210 701 1252; x_wconf 85' lang='lat' dir='ltr'><em>nondum</em></span> <span class='ocrx_word' id='word_1_115' title='bbox 716 1210 1006 1267; x_wconf 85' lang='lat' dir='ltr'><em>degustarunt,</em></span> <span class='ocrx_word' id='word_1_116' title='bbox 1025 1209 1246 1253; x_wconf 78' lang='lat' dir='ltr'><em>mirandum</em></span> <span class='ocrx_word' id='word_1_117' title='bbox 1265 1223 1339 1250; x_wconf 84' lang='lat' dir='ltr'><em>non</em></span> <span class='ocrx_word' id='word_1_118' title='bbox 1372 1174 1390 1254; x_wconf 61' lang='lat'><em>,³</em></span> 
     </span>
     <span class='ocr_line' id='line_1_20' title="bbox 213 1262 1377 1322; baseline -0.003 -11"><span class='ocrx_word' id='word_1_119' title='bbox 213 1282 274 1312; x_wconf 83' lang='lat' dir='ltr'><em>est</em></span> <span class='ocrx_word' id='word_1_120' title='bbox 295 1272 324 1312; x_wconf 74' lang='lat' dir='ltr'><strong><em>d</em></strong></span> <span class='ocrx_word' id='word_1_121' title='bbox 341 1272 501 1313; x_wconf 84' lang='lat' dir='ltr'><em>literato</em></span> <span class='ocrx_word' id='word_1_122' title='bbox 521 1270 651 1311; x_wconf 84' lang='lat' dir='ltr'><em>studio</em></span> <span class='ocrx_word' id='word_1_123' title='bbox 684 1270 909 1311; x_wconf 80' lang='lat' dir='ltr'><em>abhorrere.</em></span> <span class='ocrx_word' id='word_1_124' title='bbox 931 1268 1040 1310; x_wconf 87' lang='lat' dir='ltr'><em>Nam</em></span> <span class='ocrx_word' id='word_1_125' title='bbox 1064 1269 1131 1322; x_wconf 74' lang='lat' dir='ltr'><em>qui</em></span> <span class='ocrx_word' id='word_1_126' title='bbox 1152 1272 1244 1308; x_wconf 79' lang='lat' dir='ltr'><em>sunt</em></span> <span class='ocrx_word' id='word_1_127' title='bbox 1264 1282 1337 1308; x_wconf 75' lang='lat' dir='ltr'><em>ex·</em></span> <span class='ocrx_word' id='word_1_128' title='bbox 1371 1262 1377 1267; x_wconf 54' lang='lat'><strong>⁴</strong></span> 
     </span>
     <span class='ocr_line' id='line_1_21' title="bbox 215 1325 1339 1389; baseline -0.004 -18"><span class='ocrx_word' id='word_1_129' title='bbox 215 1332 356 1389; x_wconf 79' lang='lat' dir='ltr'><em>perti,</em></span> <span class='ocrx_word' id='word_1_130' title='bbox 377 1344 441 1372; x_wconf 85' lang='lat' dir='ltr'><em>eos</em></span> <span class='ocrx_word' id='word_1_131' title='bbox 461 1330 581 1371; x_wconf 85' lang='lat' dir='ltr'><em>citius</em></span> <span class='ocrx_word' id='word_1_132' title='bbox 601 1329 628 1369; x_wconf 75' lang='grc' dir='ltr'><em>ἀ</em></span> <span class='ocrx_word' id='word_1_133' title='bbox 649 1329 758 1382; x_wconf 75' lang='lat' dir='ltr'><em>vita,</em></span> <span class='ocrx_word' id='word_1_134' title='bbox 779 1342 897 1385; x_wconf 85' lang='lat' dir='ltr'><em>quam</em></span> <span class='ocrx_word' id='word_1_135' title='bbox 926 1328 952 1369; x_wconf 80' lang='grc' dir='ltr'><em>ἀ</em></span> <span class='ocrx_word' id='word_1_136' title='bbox 981 1327 1129 1380; x_wconf 86' lang='lat' dir='ltr'><em>libris,</em></span> <span class='ocrx_word' id='word_1_137' title='bbox 1158 1336 1197 1367; x_wconf 88' lang='lat' dir='ltr'><em>et</em></span> <span class='ocrx_word' id='word_1_138' title='bbox 1223 1325 1339 1368; x_wconf 78' lang='lat' dir='ltr'><em>rebus</em></span> 
     </span>
    </p>
   </div>
   <div class='ocr_carea' id='block_1_2' title="bbox 211 1388 719 1446">
    <p class='ocr_par' dir='ltr' id='par_1_9' title="bbox 211 1388 719 1446">
     <span class='ocr_line' id='line_1_22' title="bbox 211 1388 719 1446; baseline -0.002 -17"><span class='ocrx_word' id='word_1_139' title='bbox 211 1388 493 1446; x_wconf 75' lang='lat' dir='ltr'><em>cognoscendis</em></span> <span class='ocrx_word' id='word_1_140' title='bbox 511 1388 719 1431; x_wconf 80' lang='lat' dir='ltr'><em>avelleris.</em></span> 
     </span>
    </p>
   </div>
   <div class='ocr_carea' id='block_1_3' title="bbox 1360 1236 1390 1643">
    <p class='ocr_par' dir='ltr' id='par_1_10' title="bbox 1360 1236 1390 1643">
     <span class='ocr_line' id='line_1_23' title="bbox 1360 1236 1390 1643; baseline 0 0"><span class='ocrx_word' id='word_1_141' title='bbox 1360 1236 1390 1643; x_wconf 95' lang='lat' dir='ltr'><em>  </em></span> 
     </span>
    </p>
   </div>
   <div class='ocr_carea' id='block_1_4' title="bbox 151 1561 1386 1971">
    <p class='ocr_par' dir='ltr' id='par_1_11' title="bbox 154 1561 1386 1680">
     <span class='ocr_line' id='line_1_24' title="bbox 154 1561 1386 1622; baseline -0.005 -12"><span class='ocrx_word' id='word_1_142' title='bbox 154 1567 230 1610; x_wconf 85' lang='lat' dir='ltr'><em>Ph.</em></span> <span class='ocrx_word' id='word_1_143' title='bbox 250 1568 352 1610; x_wconf 78' lang='lat' dir='ltr'><em>Cedo</em></span> <span class='ocrx_word' id='word_1_144' title='bbox 371 1569 466 1609; x_wconf 74' lang='lat' dir='ltr'><em>ver-d</em></span> <span class='ocrx_word' id='word_1_145' title='bbox 483 1597 496 1619; x_wconf 92' lang='lat'><strong>,</strong></span> <span class='ocrx_word' id='word_1_146' title='bbox 515 1568 587 1622; x_wconf 87' lang='lat' dir='ltr'><em>qui</em></span> <span class='ocrx_word' id='word_1_147' title='bbox 602 1575 694 1607; x_wconf 85' lang='lat' dir='ltr'><em>sunt</em></span> <span class='ocrx_word' id='word_1_148' title='bbox 712 1564 825 1614; x_wconf 79' lang='lat' dir='ltr'><em>vivi,</em></span> <span class='ocrx_word' id='word_1_149' title='bbox 844 1563 870 1603; x_wconf 76' lang='grc' dir='ltr'><em>ἀ</em></span> <span class='ocrx_word' id='word_1_150' title='bbox 887 1561 1030 1618; x_wconf 81' lang='lat' dir='ltr'><em>quibus</em></span> <span class='ocrx_word' id='word_1_151' title='bbox 1045 1561 1241 1618; x_wconf 83' lang='lat' dir='ltr'><em>sapientia</em></span> <span class='ocrx_word' id='word_1_152' title='bbox 1257 1561 1334 1604; x_wconf 67' lang='grc' dir='ltr'><em>ᾖα·</em></span> <span class='ocrx_word' id='word_1_153' title='bbox 1383 1561 1386 1573; x_wconf 84' lang='grc'><strong>’</strong></span> 
     </span>
     <span class='ocr_line' id='line_1_25' title="bbox 210 1609 1379 1690; baseline -0.009 -22"><span class='ocrx_word' id='word_1_154' title='bbox 210 1627 400 1668; x_wconf 81' lang='lat' dir='ltr'><em>discenda</em></span> <span class='ocrx_word' id='word_1_155' title='bbox 419 1636 500 1679; x_wconf 82' lang='lat' dir='ltr'><em>est,</em></span> <span class='ocrx_word' id='word_1_156' title='bbox 526 1636 565 1666; x_wconf 86' lang='lat' dir='ltr'><em>et</em></span> <span class='ocrx_word' id='word_1_157' title='bbox 585 1638 695 1665; x_wconf 86' lang='lat' dir='ltr'><em>mens</em></span> <span class='ocrx_word' id='word_1_158' title='bbox 714 1622 844 1664; x_wconf 85' lang='lat' dir='ltr'><em>bona.</em></span> <span class='ocrx_word' id='word_1_159' title='bbox 829 1621 847 1651; x_wconf 86' lang='lat'>²</span> <span class='ocrx_word' id='word_1_160' title='bbox 1330 1609 1379 1690; x_wconf 58' lang='grc' dir='ltr'><em>ἑ</em></span> 
     </span>
    </p>

    <p class='ocr_par' dir='ltr' id='par_1_12' title="bbox 151 1694 1383 1971">
     <span class='ocr_line' id='line_1_26' title="bbox 151 1694 1383 1800; baseline -0.005 -13"><span class='ocrx_word' id='word_1_161' title='bbox 151 1745 220 1788; x_wconf 89' lang='lat' dir='ltr'><em>So.</em></span> <span class='ocrx_word' id='word_1_162' title='bbox 244 1744 294 1784; x_wconf 75' lang='lat' dir='ltr'><em>Si</em></span> <span class='ocrx_word' id='word_1_163' title='bbox 322 1744 401 1784; x_wconf 87' lang='lat' dir='ltr'><em>iter</em></span> <span class='ocrx_word' id='word_1_164' title='bbox 428 1755 537 1782; x_wconf 87' lang='lat' dir='ltr'><em>esses</em></span> <span class='ocrx_word' id='word_1_165' title='bbox 557 1740 764 1796; x_wconf 76' lang='lat' dir='ltr'><em>quodpiam</em></span> <span class='ocrx_word' id='word_1_166' title='bbox 785 1740 993 1791; x_wconf 80' lang='lat' dir='ltr'><em>initurus,</em></span> <span class='ocrx_word' id='word_1_167' title='bbox 1011 1740 1039 1780; x_wconf 71' lang='lat' dir='ltr'>d</span> <span class='ocrx_word' id='word_1_168' title='bbox 1061 1738 1203 1794; x_wconf 82' lang='lat' dir='ltr'><em>quibas</em></span> <span class='ocrx_word' id='word_1_169' title='bbox 1235 1694 1383 1800; x_wconf 44' lang='lat' dir='ltr'><em>tan-&lt;ff</em></span> 
     </span>
     <span class='ocr_line' id='line_1_27' title="bbox 208 1786 1371 1855; baseline -0.007 -11"><span class='ocrx_word' id='word_1_170' title='bbox 208 1803 294 1844; x_wconf 85' lang='lat' dir='ltr'><em>dem</em></span> <span class='ocrx_word' id='word_1_171' title='bbox 323 1802 371 1842; x_wconf 71' lang='lat' dir='ltr'><em>de</em></span> <span class='ocrx_word' id='word_1_172' title='bbox 390 1802 536 1841; x_wconf 85' lang='lat' dir='ltr'><em>itinere</em></span> <span class='ocrx_word' id='word_1_173' title='bbox 549 1799 876 1855; x_wconf 83' lang='lat' dir='ltr'><em>percontareris.</em></span> <span class='ocrx_word' id='word_1_174' title='bbox 862 1799 880 1828; x_wconf 81' lang='lat'>²</span> <span class='ocrx_word' id='word_1_175' title='bbox 900 1800 1044 1839; x_wconf 88' lang='lat' dir='ltr'><em>Utrum</em></span> <span class='ocrx_word' id='word_1_176' title='bbox 1065 1798 1113 1839; x_wconf 81' lang='lat' dir='ltr'><em>ab</em></span> <span class='ocrx_word' id='word_1_177' title='bbox 1144 1799 1200 1838; x_wconf 73' lang='lat' dir='ltr'><em>iis</em></span> <span class='ocrx_word' id='word_1_178' title='bbox 1216 1827 1231 1849; x_wconf 89' lang='lat'><strong>,</strong></span> <span class='ocrx_word' id='word_1_179' title='bbox 1262 1786 1371 1850; x_wconf 64' lang='lat' dir='ltr'><em>quij}</em></span> 
     </span>
     <span class='ocr_line' id='line_1_28' title="bbox 209 1853 1359 1922; baseline -0.006 -19"><span class='ocrx_word' id='word_1_180' title='bbox 209 1863 287 1903; x_wconf 86' lang='lat' dir='ltr'><em>iter</em></span> <span class='ocrx_word' id='word_1_181' title='bbox 322 1860 422 1901; x_wconf 80' lang='lat' dir='ltr'><em>illua</em></span> <span class='ocrx_word' id='word_1_182' title='bbox 454 1873 651 1915; x_wconf 82' lang='lat' dir='ltr'><em>nunquam</em></span> <span class='ocrx_word' id='word_1_183' title='bbox 686 1858 914 1910; x_wconf 80' lang='lat' dir='ltr'><em>vidissent,</em></span> <span class='ocrx_word' id='word_1_184' title='bbox 942 1872 993 1899; x_wconf 88' lang='lat' dir='ltr'><em>an</em></span> <span class='ocrx_word' id='word_1_185' title='bbox 1022 1858 1093 1912; x_wconf 84' lang='lat' dir='ltr'><em>qui</em></span> <span class='ocrx_word' id='word_1_186' title='bbox 1121 1853 1359 1922; x_wconf 53' lang='lat' dir='ltr'><em>aliquando-37</em></span> 
     </span>
     <span class='ocr_line' id='line_1_29' title="bbox 208 1918 506 1971; baseline -0.007 -9"><span class='ocrx_word' id='word_1_187' title='bbox 208 1920 471 1971; x_wconf 84' lang='lat' dir='ltr'><em>confecissent</em></span> <span class='ocrx_word' id='word_1_188' title='bbox 488 1918 506 1960; x_wconf 71' lang='grc' dir='ltr'>ἓ</span> 
     </span>
    </p>
   </div>
   <div class='ocr_carea' id='block_1_5' title="bbox 149 2034 973 2093">
    <p class='ocr_par' dir='ltr' id='par_1_13' title="bbox 149 2034 973 2093">
     <span class='ocr_line' id='line_1_30' title="bbox 149 2034 973 2093; baseline -0.007 -13"><span class='ocrx_word' id='word_1_189' title='bbox 149 2038 225 2083; x_wconf 85' lang='lat' dir='ltr'><em>Ph.</em></span> <span class='ocrx_word' id='word_1_190' title='bbox 247 2038 311 2082; x_wconf 79' lang='lat' dir='ltr'><em>Ab</em></span> <span class='ocrx_word' id='word_1_191' title='bbox 331 2038 389 2080; x_wconf 91' lang='lat' dir='ltr'><em>iis</em></span> <span class='ocrx_word' id='word_1_192' title='bbox 406 2037 558 2080; x_wconf 86' lang='lat' dir='ltr'><em>scilicet</em></span> <span class='ocrx_word' id='word_1_193' title='bbox 574 2067 589 2091; x_wconf 86' lang='lat'>‚</span> <span class='ocrx_word' id='word_1_194' title='bbox 610 2037 679 2093; x_wconf 81' lang='lat' dir='ltr'><em>qui</em></span> <span class='ocrx_word' id='word_1_195' title='bbox 698 2034 973 2087; x_wconf 78' lang='lat' dir='ltr'><em>confeeissent.</em></span> 
     </span>
    </p>
   </div>
  </div>
 </body>
</html>
