1390 2216
157 95 252 155 348
547 110 811 145 mnovmns
836 105 1005 145 vuras-

155 163 262 204 Cab.
285 161 351 204 Ne
370 164 601 207 amittamus
620 179 751 222 quaeso
769 179 882 206 usum
898 166 1041 221 pedum
1056 195 1069 217 ,
1098 174 1138 207 et
1168 171 1345 222 'eo-urum,

211 231 368 278 tempus
387 233 449 265 est
470 223 610 266 sudum
627 257 640 277 ,
660 239 707 266 ac
726 238 922 277 serenum,
941 234 979 264 et
998 238 1098 266 aura
1107 224 1343 282 frigidius-

213 281 331 323 cula:
357 284 490 326 satius
507 285 586 325 erit
613 284 850 340 pedestres,
869 283 987 339 qudm
1016 291 1219 339 equestres
1234 286 1343 327 ince-

214 339 322 381 dere.

155 397 252 440 Bor.
290 399 441 442 Eamus
469 402 544 444 hac
563 402 696 459 igitur
708 412 787 459 per
811 400 900 443 divi
917 399 1097 457 Joannis
1116 401 1345 459 hospitalis,

217 458 270 499 ad
290 461 418 501 vicum
432 463 647 503 marinum.
1082 475 1095 512 j

157 513 267 559 Cab.
289 518 566 574 Spectabimus
584 520 708 559 obiter
732 518 895 559 decoras
904 518 1082 570 formas·

157 572 256 615 Bor.
279 578 422 633 Apage
436 577 646 631 pedestres
669 607 682 629 ,
701 579 779 617 erit
800 577 990 619 dedecori.

155 632 240 675 Sci.
264 636 418 690 Majori
438 645 515 688 est,
530 650 613 677 mea
634 635 1056 688 sententiande'decori,
1070 637 1182 679 viros
1190 637 1346 693 pende-

217 706 261 734 re
281 693 329 735 de
341 693 497 748 Judicio
511 695 735 751 puellarum
754 693 940 748 rudium,
958 703 1075 751 atque
1103 697 1345 752 ineptarum.

157 806 265 852 Cab.
288 812 412 853 Visne
430 842 444 864 ,
463 822 508 854 ut
529 812 640 855 recta
677 823 813 856 eamus
842 821 917 869 per
946 813 1122 871 plateam
1145 815 1249 867 ficus
1264 844 1279 868 ,
1309 823 1348 856 et

213 870 318 913 divae
343 871 467 914 Tectae
486 873 505 915 3

155 984 239 1029 Sci.
264 988 358 1030 Non
374 1020 388 1042 ,
410 990 481 1031 sed
495 1001 572 1046 per
591 991 723 1031 vicum
744 988 917 1031 tabernae
934 990 1175 1047 gallinacei:
1196 1004 1287 1033 nam
1307 993 1351 1034 in

218 1060 260 1086 eo
296 1048 384 1089 vico
420 1052 535 1105 cupio
571 1050 708 1090 videre
729 1048 831 1091 aedes
851 1079 865 1100 ,
894 1050 938 1090 in
965 1050 1111 1103 quibus
1141 1059 1263 1091 natus
1291 1060 1352 1093 ess

217 1106 345 1148 Vives
372 1122 480 1151 meus
496 1123 511 1150 t
530 1118 624 1150 sunt
644 1109 765 1160 enim,
783 1117 828 1149 ut
849 1109 1007 1164 accepi,
1028 1108 1354 1150 descendentibus

217 1165 270 1205 ad
291 1167 501 1208 sinistram
518 1178 723 1224 postremae
748 1166 791 1209 in
823 1167 913 1209 vico
940 1177 979 1208 et
1009 1167 1185 1210 invisam
1217 1167 1351 1210 ecidem

220 1226 340 1278 operti
361 1239 516 1267 sorores
550 1228 657 1281 ejus.

159 1336 257 1384 Bor.
279 1342 427 1386 Omitte
443 1358 545 1387 nuno
562 1374 576 1397 ,
594 1357 724 1400 quaeso
739 1375 754 1398 ,
771 1343 982 1386 muliebres
1001 1344 1258 1386 visitationes
1274 1358 1288 1386 ε
1310 1346 1350 1386 si

217 1402 422 1445 mulierem
460 1405 528 1446 vis
556 1404 734 1459 alloqui,
761 1417 895 1444 eamus
916 1405 1057 1458 potius
1083 1403 1135 1444 ad
1154 1403 1355 1459 Angelum

219 1460 411 1506 Zabatam
429 1493 443 1516 ,
463 1475 550 1506 cum
569 1477 646 1520 qua
665 1471 783 1505 erunt
802 1461 1140 1514 confabulationes
1166 1462 1355 1503 literatae.

159 1575 267 1620 Cab.
288 1580 452 1624 Utinam
469 1611 484 1635 ,
505 1582 544 1622 si
564 1580 610 1623 id
629 1581 805 1637 cupitis,
826 1578 984 1622 adesset
1017 1578 1247 1622 marchiona
1276 1577 1358 1626 Ze·

220 1649 318 1681 neti.
764 1654 770 1657 *

160 1694 246 1738 Sci,
274 1696 321 1738 Si
350 1710 450 1740 vera
469 1710 563 1741 sunt
582 1712 667 1755 quae
693 1698 742 1740 de
768 1698 841 1740 illa
857 1728 872 1750 ,
896 1711 1013 1752 quum
1043 1709 1167 1751 essem
1188 1697 1232 1738 in
1252 1695 1359 1739 Gal-

217 1754 277 1796 lia
291 1786 305 1807 ,
325 1754 467 1798 audivi
484 1789 498 1810 ,
520 1762 649 1813 majus
669 1768 730 1799 est
751 1756 796 1799 id
814 1766 1094 1813 argumentum
1109 1786 1124 1807 ‚
1159 1756 1277 1810 quam
1311 1764 1357 1796 ut

219 1811 269 1854 de
288 1813 357 1855 illo
377 1819 552 1858 tractari
582 1817 743 1872 leviter,
776 1826 815 1858 et
849 1815 899 1858 ab
923 1815 1035 1858 aliud
1055 1815 1271 1873 agentibus
1290 1813 1358 1856 vel

218 1873 350 1927 possit
366 1904 379 1926 ,
401 1876 467 1915 vel
484 1875 637 1919 debeat.

163 1926 263 1974 Bor.
284 1931 561 1976 Ascendamus
581 1935 634 1978 ad
653 1935 741 1977 divi
762 1934 972 1984 Martini,
1002 1945 1055 1973 an
1083 1931 1363 1975 descendemus·

218 1999 293 2046 per
311 1991 444 2036 vicum
469 1994 628 2038 Valesii
644 2025 659 2050 ,
678 1993 731 2039 ad
755 1994 933 2052 plateam
950 1992 1168 2036 Villaerasae
1187 1991 1206 2032 ἓ
