1390 2190
141 75 237 121 130
510 72 774 107 Lunovlcus
807 73 970 110 vlvsss.

132 128 252 185 Mag.
290 129 415 170 Recte
449 127 632 180 facitis.
669 121 877 177 ostendite.
907 126 1083 190 Posthac
1106 129 1331 198 relinquite

191 190 377 244 majorem
403 189 740 258 intercapedinem
759 201 978 239 versuum,
1010 197 1054 230 ut
1075 183 1134 230 sit
1159 190 1228 231 ubi
1253 205 1328 248 ego

184 250 341 304 possim
370 249 576 306 corrigere
605 258 743 290 vestra
768 257 906 289 errata
936 245 993 289 ad
1007 246 1328 293 emendationem.

191 308 270 349 Hae
308 309 451 349 litterae
482 318 578 349 sunt
607 306 812 348 admodum
847 307 1112 362 inequales„
1116 309 1234 372 quod
1266 319 1329 350 est

191 369 259 409 in
256 368 479 409 scribendo
504 367 674 441 foedum.
710 366 1071 418 Animadvertite,
1127 370 1245 409 uanto
1289 383 1330 408 m

190 430 322 481 majus
351 438 411 468 est
438 442 556 482 quam
581 441 633 478 e;
646 434 703 467 et
733 441 784 478 o,
815 426 936 485 qudm
968 426 1080 467 orbis
1097 381 1238 482 qbujus
1268 438 1328 484 p·

188 499 281 528 nam
314 488 544 544 litterarum
580 497 746 543 corpora
775 488 916 542 ‘omnia
947 495 1113 545 ‘oportet
1147 500 1235 530 esse
1269 502 1330 528 ιε-

188 547 340 600 qualia.
384 594 387 596 ‚

132 602 256 646 Mun.
277 603 391 657 Quid
419 619 551 660 quaeso
578 618 699 646 vocas
723 604 921 660 corpora?

129 662 251 717 Mag.
289 663 430 705 Media
467 665 511 705 in
540 665 724 715 litteris,
754 676 901 720 praeter
930 662 1141 719 apiculos,
1178 672 1218 704 et
1246 675 1328 720 pe-

185 723 406 776 dunculos,
446 725 484 764 si
516 738 615 779 quos
650 724 825 765 babent:
856 725 990 778 apices
1025 722 1171 763 habent
1199 722 1254 774 b,
1287 733 1329 763 et

184 781 231 822 l·
255 783 378 836 pedes
405 793 436 839 p
454 813 467 834 ,
496 793 534 822 et
564 798 604 838 1.
626 781 730 836 Jam
761 784 806 824 in
827 783 954 823 eodem
985 795 1050 832 m,
1079 796 1201 824 crura
1230 792 1327 823 sunt

184 841 394 896 imparia:
420 843 596 898 primum
635 842 804 883 brevius
834 851 896 882 est
930 840 1107 892 medio,
1123 850 1161 880 et
1201 842 1326 882 nimis

188 912 374 952 magnam
413 902 578 942 caudam
617 901 778 952 trahit,
810 900 936 940 sicuti
966 909 1003 939 et
1034 898 1135 939 illud
1169 914 1221 940 a:
1253 914 1324 941 nec

184 961 291 999 satis
307 958 546 1014 imprimitis
561 968 734 1013 pennam
755 959 904 1000 chartae
918 987 933 1010 ‚
952 958 1030 999 vix
1062 957 1181 999 haeret
1202 968 1324 1000 atra-

183 1028 382 1070 mentum,
409 1031 479 1058 nec
513 1017 733 1073 dignoscas
762 1032 847 1072 quae
878 1019 962 1058 sint
983 1017 1183 1058 elementa.
1206 1017 1324 1070 Quod

183 1076 346 1118 litteras
367 1081 442 1117 has
459 1076 756 1127 transformare
777 1078 950 1118 tentaris
983 1077 1026 1117 irs
1056 1077 1162 1117 alias
1178 1106 1191 1127 ‚
1223 1091 1323 1118 era-

182 1136 246 1176 sis
259 1136 481 1191 particulis
512 1136 674 1191 cuspide
695 1133 875 1191 scalpelli
893 1166 906 1187 ,
927 1136 1062 1191 magis
1094 1135 1323 1190 deturpasti

182 1198 430 1250 scripturam
447 1210 460 1235 a
486 1197 620 1237 satius
645 1194 801 1246 fuisset
819 1225 833 1246 ,
861 1205 1015 1235 tenuem
1035 1194 1218 1234 litturam
1248 1196 1322 1236 in·

180 1254 354 1308 ducere,
383 1265 466 1295 tum
486 1265 525 1295 et
545 1255 649 1309 quod
675 1262 858 1310 superest
891 1254 1008 1294 verbi
1036 1254 1079 1293 in
1103 1253 1186 1304 fine
1218 1267 1320 1293 ver·-

181 1326 254 1355 sus
284 1314 514 1366 transferre
533 1317 576 1353 in
598 1323 717 1367 caput
746 1313 978 1368 sequentis,
1011 1311 1120 1351 modo¹
1149 1312 1320 1367 integra

179 1374 264 1414 sint
297 1384 449 1429 semper
479 1371 668 1428 syllaboe,
704 1386 787 1431 quae
818 1372 950 1412 secari
973 1383 1050 1410 non
1074 1369 1230 1421 patitur
1251 1372 1318 1412 lex

179 1431 312 1473 latinae
352 1434 603 1487 scriptionis.
639 1432 872 1486 Augustum
910 1430 1103 1468 Caesarem
1138 1428 1316 1482 produnt

178 1492 372 1531 memoriae
417 1505 492 1530 non
544 1490 704 1529 solitum
745 1487 869 1528 verba
914 1485 1131 1537 dividere,
1160 1501 1229 1527 nec
1261 1487 1316 1528 ab

177 1561 353 1590 extrema
369 1561 491 1604 parte
512 1561 696 1588 versuum
717 1544 966 1586 abundantes
995 1546 1159 1593 litteras
1174 1547 1225 1585 in
1246 1548 1314 1587 al-

176 1616 301 1647 teram
336 1607 596 1657 transferre,
629 1604 701 1646 sed
733 1604 881 1646 ibidem
918 1606 1064 1646 statim
1097 1603 1312 1660 subjicere,

175 1675 216 1706 et
251 1666 558 1708 circumducere.

112 1900 233 1945 Man.
255 1900 346 1943 Nos
366 1899 412 1942 id
445 1900 613 1944 libenter
644 1900 924 1959 imitabimur,
954 1891 1146 1956 quoniam
1169 1912 1305 1942 exem-

165 1961 278 2018 plum
297 1970 358 2003 est
378 1963 512 2018 regis.

1380 760 1390 876 ἕ

1379 887 1390 1017 37
