1390 2190
110 115 205 160 144
482 97 762 145 umowcus'
783 109 947 144 νικας.
973 110 975 113 ⁴

159 164 339 208 omnibus
357 195 369 219 ,
393 164 599 207 dicendum
627 176 731 207 esset
753 166 894 222 lingua
912 195 925 219 ,
953 177 1006 207 an
1026 163 1189 222 lingula
1202 166 1223 209 ἓ

101 285 193 326 Bel.
215 285 294 328 Illa
315 286 498 326 assuitur
517 286 663 327 calceis
682 284 911 340 hispanicis
929 284 974 325 in
1003 297 1153 329 summa
1170 279 1294 341 plan-

165 356 238 396 ta,
260 346 324 385 hic
346 359 421 385 non
443 344 600 386 habent.

102 404 210 446 Mal.
243 404 298 444 Et
318 407 361 444 in
382 405 587 459 Hispania
606 398 693 458 jam
714 404 948 445 desuescunt
982 413 1176 477 apponere
1204 403 1296 447 cal-

161 475 272 504 meatu
290 465 454 519 gallico.

102 522 192 563 Bel.
217 521 471 562 Accommoda
492 522 591 563 mihi
612 531 723 563 tuum
741 522 937 578 pectinem
956 520 1181 566 eburneum.

104 583 210 623 Mal.
235 581 312 622 Ubi
335 590 393 620 est
413 590 505 620 tuus
528 583 687 635 ligneus
704 613 716 632 ,
737 592 774 620 et
793 582 947 635 quidem
972 582 1222 622 Parisiensis
1237 581 1258 624 ἓ

104 642 198 682 Bel.
221 640 312 680 Non
334 641 488 681 audisti
506 655 564 679 me
585 640 673 680 heri
693 641 967 696 objurgantem
988 638 1274 684 Gomezulum‘e’

99 700 206 740 Mal.
230 698 459 754 Objurgare
479 713 598 740 vocas
618 709 661 739 tu
672 699 837 750 ferire?

98 758 190 800 Bel.
212 759 300 799 Hoc
323 759 422 798 illud
443 770 530 799 erat
548 774 558 799 ε
580 758 772 813 fregerat
805 759 978 812 quinque
995 787 1008 807 ‚
1036 767 1107 798 aut
1126 771 1198 799 sex
1216 771 1297 801 ra-

166 820 254 859 dios
268 820 444 874 pectinis
465 833 514 859 ex
536 819 671 858 densis
688 849 702 871 ‚
735 833 784 858 ex
805 819 913 858 raris
928 827 1026 872 pene
1042 830 1188 858 omnes.

96 937 206 980 Ma1.
228 935 334 992 Legi
355 947 481 992 nuper
501 936 733 992 scriptorem
756 935 957 991 quemdam·
975 936 1192 990 praecipere
1207 966 1222 988 ,
1248 943 1296 978 ut

158 997 326 1037 eburneo
354 999 509 1051 pectine
539 1005 744 1051 pectamus
771 1006 890 1051 capu-t
911 995 1157 1051 quadragies
1179 995 1295 1036 ducto

157 1056 184 1095 d
205 1057 430 1109 brechmate
453 1057 504 1095 ad
533 1056 724 1095 verticem
742 1086 755 1107 ,
785 1066 821 1095 et
854 1056 944 1094 inde
973 1053 1026 1095 ad
1052 1053 1293 1109 occipitiffm.

156 1115 267 1168 Quid
295 1119 390 1171 agis
403 1117 430 1156 3·
457 1115 546 1155 Hoc
575 1129 650 1155 non
682 1125 741 1154 est
772 1123 930 1170 pectere
947 1141 964 1166 ,
993 1113 1064 1154 sed
1095 1113 1291 1155 mulceret

155 1175 245 1214 cedo
266 1177 474 1230 pectinem.

96 1232 185 1275 Bel.
212 1233 351 1288 Neque
374 1235 506 1273 isthuc
526 1242 587 1271 est
613 1242 771 1288 pectere
789 1263 801 1282 ,
824 1231 894 1271 sed
911 1231 1076 1282 tudere,
1098 1240 1170 1288 aut
1188 1245 1290 1273 ver-

159 1308 246 1332 rere
265 1309 274 1332 :
299 1294 413 1333 credo
433 1292 575 1332 habere
597 1301 634 1331 te
656 1301 774 1345 caput
792 1302 1017 1331 testaceum.

97 1353 201 1394 Mal.
242 1353 295 1391 Et
329 1366 400 1407 ego
433 1362 473 1391 te
502 1351 788 1406 butyraceum:
825 1350 920 1390 adeo¹
955 1362 1030 1388 non
1059 1345 1181 1389 audes
1217 1358 1291 1390 at-

153 1413 328 1463 tingere.

96 1470 188 1513 Bel.
210 1471 291 1511 Vin
318 1481 362 1511 tu
392 1470 526 1526 igitur
544 1468 679 1507 mutuo
697 1467 912 1506 arietemus
930 1465 1063 1519 capita
1078 1463 1098 1504 3

94 1587 198 1629 Mal.
224 1586 327 1627 Nolo
347 1596 473 1626 tecum
493 1583 723 1625 contendere
743 1583 905 1622 insania
923 1612 935 1631 ‚
971 1597 1020 1622 ne
1050 1585 1290 1626 committam

154 1646 290 1686 bonam
312 1655 473 1684 mentem
491 1658 611 1683 meam
629 1657 713 1681 cum
735 1654 805 1681 tua
831 1642 1036 1681 dementia.
1058 1642 1187 1683 Ablue
1200 1647 1288 1697 jam

109 1709 111 1714 ⁴
154 1704 311 1745 tandem
332 1717 472 1742 manus
491 1733 503 1753 ,
524 1711 560 1741 et
573 1701 723 1753 faciem
741 1715 756 1752 3
778 1701 847 1740 sed
867 1715 910 1740 os
936 1702 1189 1756 potissimum
1204 1732 1219 1755 ,
1241 1711 1288 1745 ut

154 1763 340 1805 mundius
363 1763 556 1817 loquaris.

95 1882 190 1925 Bel.
210 1881 374 1924 Utinam
395 1881 490 1925 adeo¹
505 1882 584 1924 citri
605 1883 777 1924 animum
790 1891 1010 1939 purgarem
1022 1910 1038 1933 ,
1057 1889 1103 1920 ut
1116 1893 1257 1939 manus
1271 1892 1288 1921 e

105 1942 110 1945 ”
155 1942 248 1983 dato
268 1944 515 1983 malluvium.

95 2001 203 2044 Max.
238 2002 427 2055 Confrica
466 2001 589 2058 paulo*
627 2000 868 2059 diligentius
903 1999 1026 2064 nveios
1060 1999 1164 2040 istos
1195 2009 1288 2038 ma-
