1416 2176
80 131 99 161 ι
114 108 175 160 82
446 126 712 159 Lunovmus
747 98 921 160 vivas.¹
1130 171 1133 175 Α

74 182 160 235 Ty.
186 181 245 223 Et
262 179 433 224 Baldum
453 186 569 237 ajunt
590 182 1259 238 lea-cumesseqoimmmo.

79 299 184 353 Spu.
210 300 254 342 Is
275 301 370 343 vero*
391 301 493 343 vicit
514 301 789 359 competitores
803 314 937 343 omnes
956 301 1108 345 ambitu
1125 333 1140 357 ,
1155 313 1193 344 et
1208 316 1282 345 as·

139 372 187 402 tu
205 391 218 411 ‚
245 374 320 402 non
343 361 528 403 scientia.

80 420 165 474 Ty.
188 421 295 474 ,Quis
315 432 375 461 est
397 422 632 462 macilentus
655 418 724 462 ille
740 452 754 474 ,
785 430 824 462 et
835 419 1018 478 pallidus
1033 452 1048 477 ,
1072 435 1185 479 quem
1205 435 1280 463 re-

141 481 244 535 liqui
266 482 462 538 impetunt
481 481 498 522 ἓ

79 538 184 592 Spu.
234 539 281 581 Is
317 539 378 579 est
416 548 722 597 propugnator,
768 541 838 594 qui
884 541 1071 597 impetum
1110 541 1283 581 omnium

144 600 363 639 sustinett
414 610 452 640 et
501 614 550 639 ex
600 600 826 640 immodicis
883 602 1052 657 vigiliis
1104 603 1286 652 maciem,

144 672 192 700 ac
224 657 418 713 pallorem
450 660 688 700 contraxit:
725 671 892 714 magnos
935 661 975 699 is
1011 658 1130 700 habet
1161 661 1204 700 in
1239 673 1283 699 re

140 717 423 773 philosophica
456 748 470 771 ,
515 727 552 758 et
604 718 825 773 theologica
873 730 1132 775 progressus.
1185 718 1285 760 Hau

142 787 231 817 tace
253 778 339 831 jam
361 807 374 828 ,
404 787 442 817 et
473 777 683 817 ausculta:
719 791 811 817 nam
842 779 912 831 qui
942 792 1046 818 nunc
1065 786 1287 833 oppugnat,

144 838 378 877 acutzssime
401 865 414 888 ,
444 850 493 877 ac
528 835 793 875 subtilissime
823 837 920 876 solet
954 838 1181 892 excogitare
1215 851 1288 877 ar-

142 905 337 950 gumenta
374 923 387 946 ,
447 905 485 935 et
541 896 756 936 accerrime
819 903 941 950 urget
1007 906 1287 951 propugnato-

146 969 228 995 rem
258 984 270 1005 ‚
305 955 550 1008 omniumque
575 955 783 994 ‘sententia
816 969 903 994 cum
942 955 1110 995 summis
1145 956 1186 995 in
1213 954 1288 996 hac

146 1014 366 1070 disciplina
414 1024 669 1069 comparatur
697 1044 710 1065 ,
755 1023 791 1053 et
843 1027 947 1069 saepe
998 1013 1137 1070 adigit
1191 1026 1292 1054 con-

146 1085 381 1114 certatorem
411 1075 463 1115 ad
500 1071 588 1131 (a)
624 1071 921 1114 recantandum.
959 1073 1166 1127 Per-pende
1196 1087 1292 1126 quo-

119 1132 257 1173 ‘modo'
298 1133 366 1174 ille
409 1144 574 1174 conatu,-
618 1142 680 1173 est
721 1132 877 1173 eludere
898 1161 913 1184 ‚
957 1133 1145 1187 quomodo
1187 1133 1291 1173 alter

147 1192 374 1243 confutavit
430 1194 564 1233 valide
593 1223 606 1246 ,
630 1212 632 1214 ·
656 1195 812 1232 ratione
873 1192 1156 1244 inconsutabili
1187 1221 1201 1243 ,
1252 1201 1293 1234 et

148 1266 266 1306 quam
310 1253 377 1292 ille
425 1253 578 1293 diluere
625 1264 700 1292 non
743 1253 928 1307 poterit:
969 1254 1058 1307 jam
1091 1260 1130 1292 et
1167 1254 1293 1306 jacu-

148 1312 230 1351 tum
280 1313 350 1352 hoc
412 1321 472 1352 est
530 1309 767 1352 inevitabile
796 1342 809 1360 ‚
874 1322 1153 1368 argumentum
1222 1310 1294 1350 hoe

148 1380 211 1410 est
256 1372 376 1427 plane
410 1372 595 1412 Achilles
643 1368 899 1411 invincibilis
926 1400 941 1423 ,
979 1371 1167 1425 jugulum
1212 1379 1295 1423 pe-

148 1431 233 1470 tit:
271 1445 346 1470 non
374 1433 531 1487 poterit·
553 1439 833 1486 propugnator
865 1442 909 1468 se
942 1431 1049 1469 tueri
1080 1455 1096 1477 ‚
1151 1429 1295 1468 statim

147 1489 261 1531 dabit
303 1503 475 1540 manus,
518 1490 602 1529 nisi
649 1487 948 1543 subterfugium
994 1487 1144 1541 aliquot
1188 1488 1294 1526 mit-

148 1557 211 1588 tat
254 1549 290 1588 ei
331 1548 472 1588 Divus
506 1548 657 1602 aliquis
696 1546 746 1586 ‘in
780 1556 963 1594 mentem.
998 1547 1105 1586 Hem
1139 1545 1294 1601 profli-

145 1618 251 1662 gata
275 1651 278 1654 Δ
306 1618 368 1647 est
424 1608 587 1660 quaestio
619 1635 633 1656 ,
689 1605 855 1645 solertia
901 1605 1133 1646 decretoris.
1185 1602 1293 1659 Jam

149 1668 261 1706 solvo
305 1675 413 1706 tuam
454 1667 637 1721 linguam
663 1694 676 1714 ‚
713 1664 871 1718 loquere
911 1662 1100 1718 quantum
1141 1665 1249 1705 voles
1279 1679 1294 1707 ε

149 1739 241 1765 nam
292 1726 404 1775 iste,
455 1726 526 1778 qui
577 1738 680 1763 nunc
731 1723 943 1780 impugnat
975 1753 989 1775 ‚
1035 1732 1172 1781 vappa
1216 1732 1296 1776 est,

88 1796 90 1798 ·
141 1786 321 1843 pugione
352 1794 512 1841 pugnat
543 1782 722 1840 plumbeo
740 1812 755 1836 ,
796 1792 835 1824 et
871 1784 999 1826 altius
1038 1792 1171 1833 tamen
1206 1782 1296 1825 cla-

89 1963 117 2067 *d
148 1962 208 2020 (a)
270 1961 421 2007 Latine
458 1964 586 2007 etiam
612 1960 899 2006 *palinodiam
926 1973 1078 2011 canere
1114 1956 1293 2006 venuste

121 2036 262 2068 1c1tur.
