1390 2216
189 124 288 174 266
563 147 826 181 umowcus
860 149 1024 183 vrvzs.

231 194 454 251 frugiferi.
479 196 626 241 Nescio
646 203 958 256 quemadmodum
993 215 1064 246 vos
1091 201 1186 255 ὶέσῖὶ
1199 204 1246 247 de
1269 219 1368 248 eru-

241 255 387 296 ditione
419 261 641 302 statuatis:
669 263 766 302 mibi
790 273 897 304 certe
920 277 987 304 res
1015 263 1176 304 videtur
1194 279 1268 307 non
1299 280 1370 307 so-

244 315 321 354 lum
342 317 607 361 inutilissima
623 351 639 371 ‚
660 321 728 362 sed
752 323 869 363 etiam
891 322 1091 363 damnosa.

189 372 289 415 Abs.
311 374 417 417 Idem
439 378 598 419 videtur
618 379 710 421 bovi
727 410 741 433 ‚
770 390 808 422 et
841 382 935 432 sui,
971 381 1072 437 quod
1098 380 1175 422 tibi
1193 412 1206 434 ‚
1230 391 1268 423 et
1295 395 1373 424 no-

240 433 307 474 bis
326 449 472 491 quoque
492 437 724 493 videretur,
742 441 780 482 si
798 454 875 482 non
891 441 1123 484 haberemus
1145 441 1240 499 plus
1259 455 1371 484 men-

244 502 304 534 tts
320 524 334 545 ,
354 495 471 552 qudm
495 506 556 539 tu.

184 608 285 652 Aso«
323 611 414 652 Non
448 622 556 655 esset
599 615 726 667 finis:
759 617 892 672 itaque
929 618 1025 660 audi
1051 620 1154 673 Jam.
1189 618 1370 661 Primum

241 672 410 714 omnium
449 673 701 715 accubuimus
734 677 897 728 severi,
931 688 969 717 et
1000 679 1172 730 tristes,
1204 688 1368 719 sacrata

237 741 297 773 est
350 745 484 773 mensa
517 762 530 783 ,
574 734 776 775 silentium
823 735 994 792 ubique,
1035 746 1074 777 et
1107 736 1251 793 quies,
1282 751 1367 778 coe-

234 790 370 844 pimus
407 791 593 844 expedire
632 793 830 836 cultellum
873 796 1041 850 quisque
1089 808 1232 837 suum:
1265 805 1364 853 spe-

239 848 335 888 ciem
385 849 655 903 praebebamus
701 865 778 891 non
823 854 1087 900 invitatorum
1114 885 1129 906 ‚
1177 852 1248 896 sed
1292 856 1365 896 in-

233 908 407 947 vitorum
432 938 445 959 ‚
479 907 575 951 adeo
618 907 661 950 id
701 910 854 953 diceres
888 911 1032 963 facere
1076 926 1149 954 nos
1195 921 1364 966 coactos,

233 975 272 1005 et
315 965 570 1018 faciebamus
622 982 668 1008 re
728 984 826 1010 vera
884 970 1087 1013 admodum
1140 972 1319 1027 segniter
1345 987 1360 1014 ε

233 1024 400 1065 nondum
451 1027 554 1069 enim
615 1027 836 1071 incaluerat
882 1031 1040 1073 animus
1093 1030 1237 1073 ardore
1289 1030 1360 1072 illo

230 1083 356 1126 libero
390 1115 404 1138 ,
455 1094 568 1142 aptat
627 1088 793 1143 quisque
844 1090 1006 1132 mantile
1053 1099 1166 1130 suum
1220 1088 1361 1130 hume-

231 1143 296 1183 ris
315 1174 326 1192 ‚
362 1145 537 1188 nonnulli
569 1147 687 1188 etiam
712 1148 896 1204 pectori,
926 1148 1003 1191 alii
1030 1147 1080 1190 de
1107 1157 1252 1205 mappa
1277 1156 1359 1190 ex·-

184 1196 191 1202 ’
229 1203 393 1243 tendant
439 1215 557 1260 super
589 1210 816 1264 gremium:
856 1209 978 1249 sumit
1007 1248 1012 1254 ,
1021 1217 1163 1266 panem
1184 1237 1199 1260 ‚
1233 1208 1356 1263 aspi·
1388 1210 1390 1212 ’

229 1265 287 1301 cit
320 1293 333 1315 ‚
381 1264 508 1306 volvit
539 1295 553 1316 ,
599 1275 754 1322 pur-got
783 1297 797 1320 ‚
844 1267 884 1308 si
922 1264 1020 1322 quid
1064 1275 1173 1308 esset
1209 1265 1358 1307 carbo-'⁶

230 1321 296 1361 nis
329 1350 344 1373 ‚
392 1333 463 1362 aut
510 1326 687 1367 cinerum
724 1325 974 1377 decorticat,
1020 1335 1057 1365 et
1104 1326 1184 1366 haec
1225 1325 1356 1378 omnia

230 1379 331 1421 lente
370 1410 384 1431 ‚
451 1392 525 1423 et.
565 1383 848 1426 cunctabunde.
908 1383 1085 1436 Quidam
1151 1382 1357 1437 auspicati

229 1450 323 1478 sunt
369 1455 512 1484 coenam
557 1442 584 1484 a*
633 1444 794 1497 potione
821 1458 834 1485 ε
878 1444 954 1485 αΙίὶ
998 1443 1236 1497 priusquam
1284 1440 1354 1481 bi-

228 1497 361 1537 berent
387 1531 398 1551 ,
448 1501 651 1554 paululum
711 1497 960 1557 sumpserunt
1031 1499 1199 1541 acetarii
1234 1529 1249 1550 ,
1314 1509 1354 1540 et

227 1557 381 1598 bubulae
435 1561 597 1611 salita,
646 1556 719 1601 ad
744 1557 990 1600 excitandum
1040 1557 1237 1599 dormiens
1270 1567 1354 1614 pa-

229 1616 351 1656 latum
382 1648 395 1668 ,
453 1628 492 1658 et
550 1618 829 1659 stimulandum
885 1615 1161 1672 languidulum
1192 1631 1206 1657 ε
1258 1618 1366 1674 pri-¹

226 1688 313 1713 mus
352 1677 526 1730 scyphus
561 1675 652 1727 fuit
690 1676 872 1716 cervisie
899 1707 912 1728 ,
957 1685 1000 1715 ut
1038 1675 1240 1732 frigidum
1273 1690 1354 1722 ,ωε-

225 1727 759 1775 mentum'substerneretur
789 1734 926 1775 ardori
960 1735 1064 1775 vini.
1101 1735 1357 1795 Allqtus'est

225 1804 338 1831 socer
375 1793 442 1831 ille
475 1794 604 1847 liquor
626 1824 639 1843 ,
671 1794 847 1850 primum
880 1795 1032 1847 poculis
1064 1794 1287 1850 angustis,
1317 1804 1357 1837 et

224 1852 390 1905 exiguis
411 1844 431 1900 ‚'
460 1865 543 1905 quae
571 1854 706 1908 magis
726 1854 838 1894 sitim
870 1853 1083 1894 irritarem
1100 1884 1114 1905 ,
1144 1854 1264 1908 qudm
1287 1867 1358 1894 red

223 1911 494 1964 stinguerent.
533 1912 730 1953 Dominus
783 1912 891 1952 homo
923 1911 1250 1967 festivissimus,
1290 1911 1358 1968 qui

217 1970 407 2027 potiorem
444 1970 487 2011 in
523 1970 598 2014 bac
638 1980 724 2016 tota
755 1971 919 2029 regione
952 1971 1101 2014 nullum
1132 1969 1280 2024 habet,
1297 1980 1356 2013 ‘ae
