1390 2190
167 57 260 106 126
543 71 806 104 wnovxcus
841 72 1002 106 uvas,
1388 106 1390 111 ,

214 128 373 166 sior-es.
371 122 497 180 quid
528 139 684 166 necesse
707 125 828 167 habes
858 137 940 167 tam
958 139 1107 184 magna
1125 128 1348 207 interstitia
1388 126 1390 177 ]

216 185 464 238 relinquere?

156 245 277 289 Men.
300 245 468 300 Egone.
454 244 473 274 ²
494 244 577 284 Vix
597 243 851 286 intervallum
881 254 942 285 est
961 245 1109 287 ullum:
1141 260 1230 288 nam
1269 249 1348 289 Iit·
1383 271 1386 274 >

215 314 310 346 terae
333 317 419 344 sese
448 304 636 358 utrinque
654 303 863 358 attingunt
881 334 894 356 ‚
908 307 1134 360 praesertim
1155 321 1239 360 quae
1257 308 1348 348 lon-
1383 299 1390 317 ⁵

213 377 293 420 gos
310 362 452 404 babent
473 364 630 418 apices,
653 371 722 402 aut
739 363 884 418 pedes,
899 375 944 403 ut
963 363 988 405 b
1002 396 1012 413 ‚
1033 374 1070 403 et
1086 375 1130 419 p.
1151 365 1230 405 Sed
1249 365 1349 420 quid
1376 367 1390 412 ’ἐ

215 422 297 464 tu?
329 421 483 476 Jamne
502 422 598 462 duos
618 435 762 461 versus
782 424 996 466 exarasti?
1012 423 1070 464 Et
1091 424 1350 479 quidemele·
1375 423 1390 476 ἶ

211 493 396 539 gamer,
422 481 505 522 nisi
534 479 636 534 quod
655 491 745 521 sunt
761 483 901 536 pravi.
1386 487 1390 499 ''

156 601 279 642 Man.
301 598 444 640 Scribe
462 608 504 639 tu
524 611 726 649 seorsum,
746 608 783 639 et
801 608 901 641 tace.
1384 522 1390 632 1

152 661 273 702 Men.
300 659 513 698 Enimvero*
530 668 693 713 penna,
711 668 748 698 et
768 668 989 701 atramento
1014 658 1085 702 boc
1105 635 1231 704 scribi
1250 661 1367 704 nu!-
1382 661 1390 719 1

212 719 248 758 lo
265 729 383 774 pacto
404 727 553 773 petest.
1151 728 1157 744 s

154 776 276 819 Man.
302 777 408 828 Quid
426 777 520 818 ita²

151 838 274 879 Men.
297 835 391 876 Non
411 836 545 876 cernis
561 865 575 886 ,
594 845 638 876 ut
654 844 787 891 penna
806 837 1010 895 respergit
1033 837 1213 881 chartam
1232 847 1347 882 atra-

215 906 344 937 mento
363 905 482 936 extra
508 896 668 937 litteras
685 896 703 935 ἓ

152 954 273 997 Man.
296 956 356 995 At
377 965 640 997 atramentum
662 969 786 995 meum
807 955 983 996 ade-dese
1003 966 1206 1010 crassum,
1221 958 1346 999 urti-

215 1028 318 1056 mum
338 1028 424 1054 esse
445 1014 608 1055 credas:
631 1016 767 1069 aspice
786 1015 922 1055 amabo
938 1046 950 1067 ‚
971 1025 1012 1055 ut
1035 1015 1155 1056 haeret
1173 1017 1215 1056 in
1236 1029 1346 1056 sum-

214 1088 280 1115 ma
301 1087 420 1114 crena
438 1104 451 1124 ,
481 1088 549 1114 nec
578 1074 630 1114 ad
658 1075 909 1114 characteres
934 1074 1169 1125 formandos
1188 1074 1344 1127 defluit.
1380 1086 1383 1098 ’-

212 1133 325 1186 Quin
352 1133 486 1187 igitur
515 1134 676 1187 utrique
705 1133 940 1173 incommodo
965 1133 1194 1173 medemur?
1215 1135 1275 1174 Tu
1294 1134 1343 1174 de
1381 1132 1390 1184 i

210 1191 445 1246 cuspidibus
462 1202 600 1247 pennae
621 1191 801 1232 rescinde
827 1192 1010 1246 scalpello
1026 1222 1039 1244 ,
1068 1193 1194 1246 quoad
1223 1202 1342 1234 atra-
1380 1187 1390 1195 '⁴

210 1261 383 1292 mentum
403 1252 592 1292 commode
611 1252 775 1306 colligat
795 1252 838 1291 in
854 1252 1044 1291 litteras:
1066 1265 1139 1304 ego
1158 1251 1201 1291 in
1220 1261 1342 1292 atra·
1376 1274 1378 1277 ·

209 1311 445 1351 mentarium
462 1311 537 1364 quo*
565 1312 637 1362 fiat
657 1320 919 1351 atramentum
941 1310 1162 1364 liquidius,
1191 1309 1340 1350 insti!-

212 1369 301 1411 Iabo
315 1379 462 1426 guttas
480 1385 587 1425 aquoe
603 1371 769 1423 aliquot.

149 1489 269 1530 Men.
290 1487 468 1527 lmmeito
482 1488 638 1541 potius.

151 1547 271 1588 Man.
294 1546 384 1596 Ob,
405 1561 451 1585 ne
473 1547 611 1585 lotium
630 1576 641 1596 ,
653 1542 813 1595 soetebit
833 1553 1094 1585 atramentum
1117 1545 1278 1599 ipsum,
1296 1554 1334 1586 et

206 1605 398 1658 quicquid
433 1605 676 1659 scripseris·
712 1618 781 1643 nec
806 1603 937 1654 facile
969 1604 1153 1658 deinceps
1183 1604 1334 1645 odorem
1372 1615 1390 1657 j]

207 1664 312 1704 hunc
331 1663 477 1702 elueris
497 1665 518 1703 e'
540 1663 732 1717 peniculo.
755 1663 954 1706 Optimum
974 1673 1078 1703 esset
1094 1673 1273 1713 acetum,
1291 1664 1333 1703 si
1374 1659 1390 1714 ’,ἐς

206 1721 373 1762 haberes
393 1722 445 1761 ad
465 1737 648 1762 manum:
671 1736 757 1762 nam
781 1724 851 1763 boc
875 1724 918 1762 vi
941 1737 1014 1762 sua
1033 1724 1171 1763 statim
1190 1723 1333 1763 disra-
1379 1718 1390 1741 ³⁴

206 1791 274 1822 rat
295 1781 456 1820 densum
473 1791 748 1823 atramentum.

147 1899 265 1941 Men.
286 1898 460 1939 Verum:
486 1899 557 1940 sed
570 1900 792 1955 periculum
822 1911 883 1942 est
901 1931 915 1954 ‚
946 1915 993 1942 ne
1023 1901 1239 1944 acrimonia
1258 1910 1330 1942 sua

204 1960 383 2001 chartam
403 1970 601 2015 penetret.
