1390 2190
122 107 192 154 74
490 103 754 138 mnovtcus
795 101 958 136 vzvzs.

122 159 184 202 N.
213 157 282 200 An
301 158 420 201 sitiat
435 162 574 200 ,nescio
592 190 608 213 ,
635 170 790 214 semper
817 167 925 198 certe
952 160 1126 213 paratus
1154 164 1321 218 estpo-

184 227 287 260 tare.

124 276 244 318 Bam.
275 280 340 320 Au
356 309 368 330 ‚
388 279 570 320 ausculta
591 276 843 320 lusciniolam
861 274 988 318 illam.

125 335 185 378 G.
212 337 385 379 Ubinam
404 339 500 380 est?

125 394 244 437 Bam.
278 397 374 437 Non
400 398 515 438 vides
536 411 620 439 eam
652 396 698 437 in
729 408 837 437 ramo
861 393 931 436 illo
953 392 1183 439 sedentem?
1202 394 1325 450 Vide,

187 466 230 496 ut
250 457 361 497 canit
385 457 571 497 ardenter
587 486 601 507 ,
633 468 701 495 nec
733 453 972 498 intermittit
1000 451 1078 513 (a).

126 513 186 556 N.
216 516 309 557 Flet
338 515 555 556 Philomela
582 514 715 566 nefas.

126 629 184 673 G.
215 630 328 684 Quid
357 633 499 673 mirum
530 631 705 672 dulciter
737 645 823 673 eam
845 630 1012 686 garrire
1026 659 1043 684 ‚
1059 642 1145 685 quae
1160 630 1219 672 sit
1239 631 1325 672 At·-

187 691 303 732 tica?
330 691 411 732 Ubi
439 694 562 733 etiam>
586 690 741 740 fluctus
775 692 902 732 maris
935 703 1014 731 non
1046 691 1135 731 sine
1163 703 1326 732 numero

189 750 403 791 illiduntur
438 751 583 791 littori.

128 809 192 852 N.
223 810 383 850 Plinius
405 810 552 851 scribit
569 839 582 860 ‚
602 810 687 851 eant
706 807 972 863 praesentibus
990 807 1217 850 hominibus
1234 806 1326 850 diu·

190 869 273 908 tius
291 899 304 920 ,
333 871 374 909 et'
391 870 621 910 accuratius
641 878 824 910 cantare.

130 927 183 969 T.
215 927 326 980 Quid
354 942 482 969 causae
501 928 597 969 est?

131 986 191 1029 N.
225 986 317 1043 Ego
353 988 432 1028 tibi
464 1001 620 1029 causam
649 988 842 1043 aperiam.
875 983 1078 1036 cuculus,
1111 993 1151 1026 et
1186 983 1329 1041 phito-

191 1047 292 1088 mela
323 1047 451 1087 eodem
481 1056 646 1088 cantant
669 1056 842 1102 tempore
862 1075 875 1096 ,
902 1057 1023 1084 verno
1056 1043 1244 1095 scilicet,
1275 1042 1328 1086 ab

190 1106 346 1160 aprili,
376 1106 499 1145 medio
523 1106 575 1147 ad
611 1108 754 1160 majam
783 1114 965 1147 exactum
981 1132 996 1155 ,
1030 1111 1100 1143 aut
1130 1117 1171 1144 eo
1199 1104 1330 1144 circi-

191 1173 268 1205 ter.
297 1164 374 1205 Hae
405 1165 489 1206 duae
518 1178 616 1206 aves
644 1167 688 1205 in
713 1164 992 1206 contentionem
1021 1171 1247 1214 venerunt,
1281 1162 1330 1203 de

194 1225 400 1264 suavitate
435 1227 639 1265 com-emas
659 1238 671 1264 ε
703 1226 896 1279 quaesitus
925 1231 984 1261 est
999 1220 1154 1275 judex:
1175 1231 1215 1262 et
1235 1221 1331 1275 quia

193 1283 241 1323 de
277 1296 368 1324 sono
402 1293 489 1324 erat
525 1294 720 1323 certamen
741 1313 754 1333 ,
781 1282 1022 1338 apiissimus
1050 1282 1168 1320 visus
1195 1289 1255 1319 est
1274 1278 1330 1319 ad

195 1355 279 1382 eam
301 1344 563 1399 cognitionem
593 1343 734 1383 asinus
752 1372 765 1394 ‚
791 1342 860 1395 qui
877 1349 1023 1395 praeter
1046 1347 1211 1378 ceteras
1229 1338 1329 1379 ani-

194 1411 346 1441 mantes
373 1401 550 1457 granles
583 1402 742 1442 haberet
769 1399 984 1441 auriculas·>
1010 1397 1160 1436 Asinos
1200 1408 1329 1450 repu-

196 1459 310 1501 diata
343 1462 548 1512 luscinia,
582 1464 696 1514 cujus
724 1473 766 1499 se
799 1456 1039 1497 harmoniam
1061 1465 1228 1508 negaret
1261 1458 1333 1495 in-

196 1520 381 1574 telligere
398 1549 411 1570 ,
444 1521 654 1559 victoriam
674 1519 808 1558 cuculo
837 1514 1113 1566 adjudicavit:
1140 1514 1335 1569 philome-

196 1577 238 1617 la
269 1577 322 1617 ad
342 1577 531 1617 hominem
562 1576 815 1631 appellavit:
848 1587 958 1627 quem
985 1571 1051 1612 ubi
1079 1573 1189 1618 videt
1206 1603 1220 1623 ‚
1241 1573 1335 1628 agit

195 1638 337 1676 statim
359 1649 523 1677 causam
549 1649 657 1675 suam
678 1662 692 1684 ‚
725 1633 835 1687 canit
871 1632 1086 1687 diligenter
1103 1662 1117 1682 ,
1136 1642 1179 1671 ut
1210 1646 1252 1672 se
1272 1632 1335 1672 illi

196 1694 388 1748 approbet
417 1693 469 1736 ad
504 1694 790 1736 vindicandam
821 1694 1014 1746 injurzam
1046 1690 1096 1733 ab
1116 1692 1230 1732 asino
1259 1704 1336 1733 ac-

197 1762 364 1808 ceptam.

146 1867 208 1911 G.
242 1869 383 1910 Habeo
412 1883 572 1911 causam
588 1878 703 1925 poeta
738 1869 916 1925 dignam.

141 1927 204 1970 N.
237 1929 350 1982 Quid
381 1930 515 1986 ergo}>
552 1928 804 1985 Expectabas
849 1925 1084 1984 philosopho
1130 1899 1296 1982 dignam
1314 1921 1335 1964 ἓ

201 2042 264 2104 (a)
323 2045 456 2091 Ovid.
481 2046 655 2091 Metam.
677 2055 718 2089 et
746 2045 868 2088 alibi.
