1390 2190
113 81 177 128 62
477 98 762 133 mnovxcus
756 100 939 134 Νινεε.

170 150 333 202 lances,
370 149 502 191 discos
530 183 544 205 ,
586 154 799 204 mantilia,
835 153 1032 208 postremo
1074 165 1302 212 mappam.
1276 172 1294 186 ·

167 209 329 250 mundet
369 212 537 265 quisque
570 225 685 252 suum
723 214 950 264 cultellum,
980 223 1022 253 er
1058 226 1219 270 reponat
1251 219 1307 260 in·

169 272 375 324 vaginam,
414 271 530 310 Heus
564 281 608 311 tu
626 272 857 323 ,Cim-iale,
892 285 941 312 ne
969 273 1126 329 scalpas
1159 275 1298 316 dentes

172 328 389 382 scalpello,
417 342 507 370 nam
537 339 599 370 est
621 332 807 371 noxium.
829 331 1006 383 conficito
1031 333 1107 372 tibi
1135 333 1298 375 dentis-

172 386 342 442 calpium
370 389 570 442 pennula,
593 389 658 428 vel
684 388 827 430 bacillo
859 392 969 431 tenui
989 392 1236 434 acuminato.
1258 402 1298 433 et

172 448 304 501 scalpe
338 447 514 498 modice,
546 461 593 486 ne
627 448 830 503 gingivas
866 450 1064 502 scarifices
1081 480 1096 501 ,
1131 461 1170 492 et
1201 464 1299 492 san-

170 506 335 559 guinem
368 506 519 545 elicias.
558 505 797 562 Consurgite
820 537 833 559 ‚
872 518 912 547 et
957 508 1106 549 abluite
1143 523 1300 562 manus,

168 565 405 618 priusquam
423 565 613 604 recitetur
632 566 1003 620 gratiarumactio.
1021 569 1171 608 Amove
1189 583 1301 609 men-

174 635 291 672 sam,
311 635 407 662 voca
426 624 679 674 ministram,
704 634 747 663 ut
774 627 1043 679 pavimentum
1069 626 1138 666 boc
1167 628 1299 682 scopis

172 691 325 721 verrat.
350 683 533 736 Agamus
558 682 721 722 Christo
741 686 935 739 gratias.
956 682 1017 740 (a)
1037 693 1187 739 praeeat
1205 699 1301 727 ver-

176 738 251 792 ba,
270 741 339 794 qui
361 742 541 781 sacravit
559 755 744 784 mensam.

121 855 193 897 Fl.
230 855 310 896 Pro
340 854 426 896 cibo
457 858 692 912 temporario
721 858 885 911 gratias
915 858 1105 914 agimus,
1137 841 1300 899 Christe

174 914 684 970 Domine,mporarias.
712 916 789 968 fac
821 927 866 958 ut
895 927 971 972 pro
1003 917 1300 1002 immortalitate

172 986 344 1030 agamus
373 984 556 1017 aeternas.
583 977 725 1016 Amen.

115 1089 204 1133 Ma.
237 1090 298 1130 Ite
326 1090 454 1131 lusum
473 1121 487 1142 ,
514 1101 553 1131 et
582 1091 874 1142 confabulatum
891 1123 904 1143 ,
932 1101 970 1133 et
999 1068 1300 1146 deambulatum,

174 1163 249 1204 quo
267 1148 433 1194 libuerit
450 1179 464 1202 ,
493 1150 585 1191 dam
613 1152 706 1191 licet
727 1164 802 1206 per
823 1154 962 1193 lucem.

376 1277 431 1334 G
446 1277 559 1333 AR
585 1278 632 1333 R
654 1280 678 1332 I
700 1279 748 1334 E
766 1278 826 1336 N
845 1282 895 1335 T
916 1281 962 1335 E
981 1279 1035 1336 S.

229 1465 239 1470 a
274 1412 436 1483 Nugo
458 1451 476 1478 ,
511 1411 818 1467 Graeculus
840 1452 858 1482 ,
900 1411 1141 1480 Turdus.

123 1555 214 1597 Nu.
236 1554 498 1596 Assideamus
515 1555 558 1594 in
576 1553 650 1595 hac
668 1554 806 1595 trabe:
835 1563 880 1595 tu
897 1584 909 1605 ,
929 1554 1124 1608 Gracale,
1146 1557 1168 1597 ε’
1186 1571 1306 1599 cons-

175 1625 291 1669 pectu
311 1616 354 1654 in
374 1627 471 1654 saxo
497 1613 590 1663 illo,
616 1613 723 1652 modo
757 1626 803 1652 ne
828 1614 1099 1681 impedimento
1120 1617 1206 1669 sis,
1229 1618 1306 1671 qud

179 1675 310 1712 minus
330 1685 537 1711 cernamus
560 1681 874 1726 praetereuntes·
903 1674 1125 1727 apricemus
1153 1688 1225 1717 nos
1253 1674 1306 1715 ad

117 1767 121 1771 .
180 1731 282 1771 bunc
322 1733 551 1785 parietem,
588 1732 775 1785 egregrie
810 1732 885 1771 soli
929 1741 1139 1773 ostentum.
1173 1733 1306 1785 ,Qua'm

177 1789 355 1846 grandis
382 1800 576 1840 truncus,
596 1799 633 1828 et
661 1789 725 1829 cui
745 1789 869 1830 usui?

183 1903 243 1963 (a)
303 1904 352 1946 ld
372 1915 433 1945 est
448 1935 462 1956 ,
482 1904 598 1945 dicat
618 1935 631 1956 ,
650 1918 742 1955 quae
765 1918 838 1946 nos
858 1918 952 1947 eum
973 1914 1192 1955 sequentes
1212 1894 1308 1957 pro-

125 1966 319 2007 feramus.
335 1963 404 2005 Sic
423 1965 570 2004 Livius
593 1967 731 2015 ptimae
750 1965 918 2005 decadis
937 1966 1013 2006 lib.
1030 1965 1306 2019 &Agendum

125 2024 321 2066 Pontifex
341 2054 355 2077 ,
374 2026 474 2076 praei
495 2026 624 2066 verba
639 2053 655 2077 ,
684 2026 836 2074 quibus
852 2054 867 2077 ,
887 2021 974 2066 &c-
