1390 2190
136 69 163 116 8
502 78 768 115 mnovzcus
802 78 964 114 vwes,

132 137 226 178 Em.
248 135 364 188 Vah3
386 134 551 176 nimium
573 149 616 175 es
634 136 859 191 importuna
875 163 890 186 ,
910 144 950 176 et
969 131 1120 178 odiosa.

131 195 180 238 Β.
203 195 262 237 Et
294 207 338 236 tu
359 195 523 236 nimium
545 195 675 235 scitus
686 205 789 249 puer
805 225 818 246 ,
845 208 891 235 ac
908 193 1171 247 formosulus.
1187 195 1329 241 Deo.»-

189 257 323 295 culare
355 269 444 295 me:
470 253 595 307 flecte
619 255 705 308 jam
729 267 864 310 genua
881 283 895 305 ,
925 264 963 297 et
989 264 1083 296 ante
1105 254 1206 298 hanc
1232 258 1333 300 Sal-

187 315 347 355 vatoris
380 315 510 354 nostri
542 312 758 368 imaginem
792 314 920 357 recita
949 314 1216 369 precationem
1250 316 1328 358 do-

166 396 169 398 >
187 375 373 415 minicam
391 404 404 424 ,
427 383 465 414 et
482 384 622 427 preces
646 371 751 412 alias
768 402 782 422 ,
809 383 853 412 ut
882 372 1004 415 habes
1023 373 1072 414 de
1092 387 1196 416 more
1212 405 1227 428 ,
1246 390 1328 418 an-
1386 399 1390 414 ⁴

187 443 347 486 requam
378 432 515 488 pedem
546 441 672 486 ponas
701 439 818 472 extra
841 431 1077 473 cubiculum.
1108 433 1243 487 ride,
1269 437 1326 477 mi

187 491 455 544 Emmanuel,
486 484 549 531 usi
583 489 631 529 de
659 503 704 530 re
737 490 848 531 nulla
882 491 965 533 alia
1001 491 1158 548 cogites
1182 523 1197 546 ‚
1233 492 1325 536 dum

188 565 298 591 oras.

186 610 314 650 Mane
330 609 556 666 paulisper,
577 606 756 662 appende
772 606 1018 649 sudariolum
1042 607 1113 650 boc
1138 607 1186 651 de
1209 624 1325 667 zona,

185 669 239 708 ad
260 683 378 709 nares
400 668 669 723 emungendas
686 697 700 717 ,
727 677 765 707 et
788 667 1044 723 purgandas.

127 726 218 768 Em.
244 727 391 770 Sumne
412 729 517 769 satis
535 725 588 767 ad
608 725 824 767 arbitrium
850 737 959 768 tuum
980 727 1220 783 compositus
1234 728 1255 770 ἓ

127 783 177 824 Β.
199 786 275 827 Es.

126 844 221 885 Em.
257 846 325 887 Ad
360 860 484 886 meum
517 844 708 896 minime,
744 844 929 898 quoniam
961 845 1048 898 jam
1083 844 1240 886 tandem
1270 845 1326 887 ad

184 914 323 944 tuumt
346 907 474 945 ausim
487 903 629 955 facere
660 904 908 958 sponsionem
929 933 943 955 ,
967 917 1028 944 me
1051 903 1186 946 horam
1205 918 1324 947 unam

185 964 394 1005 vestiendo
423 963 736 1017 consumpsisse.

127 1021 176 1064 Β.
208 1022 320 1073 Quid
352 1024 389 1062 si
430 1023 494 1063 vel
539 1022 672 1062 duas?
706 1020 794 1071 Qud
834 1034 925 1062 eras
970 1020 1121 1075 alioqui
1158 1018 1327 1064 iturus?

183 1082 293 1136 Quid
316 1082 516 1123 acturus?
541 1080 580 1121 F
582 1093 749 1121 ussurus
777 1079 894 1124 credo
915 1109 931 1133 ‚
959 1089 1030 1122 aut
1059 1079 1289 1122 araturus?

125 1199 218 1239 Em.
242 1199 377 1252 Quasi
404 1200 510 1240 desit
529 1230 542 1250 ,
560 1196 663 1253 quod
681 1210 816 1252 agam.

124 1257 175 1298 B.
198 1259 231 1299 Ο
252 1273 440 1314 magnum
460 1261 594 1299 virum
613 1255 862 1298 vehementer
883 1255 926 1297 in
949 1253 1056 1298 nihil
1072 1253 1225 1314 agendo
1250 1268 1323 1298 oc-

125 1332 231 1417 Exti—u
230 1328 444 1417 11)ῧὲἶῖιὶηο
459 1374 549 1415 abis
571 1372 838 1415 cavillatrix?
858 1372 940 1414 Abi
954 1403 968 1424 ,
993 1381 1062 1414 aur
1083 1386 1155 1428 ego
1169 1363 1209 1413 ie
1229 1372 1321 1414 abi-

178 1450 278 1490 gam
309 1437 378 1477 boc
403 1436 530 1477 calceo
545 1462 559 1489 ,
589 1441 657 1474 aut
679 1431 918 1475 calanticam
936 1431 1016 1474 tibi
1035 1431 1240 1475 detraham
1269 1432 1317 1474 de

184 1504 329 1551 capite.

404 1629 610 1676 PRIMA
663 1625 1046 1674 SALUTATIO.

269 1768 389 1814 Puer
410 1802 425 1828 ,
466 1768 641 1827 Pater,
682 1759 875 1826 Mater,
914 1764 1166 1811 Isabellula.

126 1909 246 1952 Puer.
277 1908 430 1950 Salvus
459 1910 521 1951 sis
540 1940 553 1961 ,
591 1909 647 1950 mi
684 1918 802 1965 pater
819 1939 833 1960 ,
871 1909 984 1950 salve
1007 1937 1022 1960 ,
1049 1920 1134 1949 mea
1163 1915 1321 1948 mater-

182 1969 270 2011 cula
292 1999 306 2022 ,
338 1980 479 2025 precor
512 1968 624 2013 vobis
658 1969 821 2021 felicem
861 1967 966 2011 hunc
1007 1967 1110 2010 diem
1146 1973 1317 2023 germa-
