1390 2190
107 87 127 118 1
144 88 161 117 1
173 82 199 118 2
486 82 750 119 Lunowctts
783 84 947 122 vlvsss.

99 141 222 182 Men.
243 139 350 193 Quis
369 147 432 179 est
451 142 594 181 author
614 140 632 181 ἓ

96 198 216 240 Man.
243 201 395 240 Nomen
417 212 519 255 saepe
539 200 706 252 audivi,
725 199 796 242 sed
817 202 1004 245 memoria
1023 202 1208 257 effluxit.

94 317 214 359 Men.
241 318 295 359 Ut
333 319 446 359 alia:
469 318 539 360 sed
566 319 659 361 huic
685 329 883 376 praecepto
903 335 975 363 noc
1000 333 1123 379 parea
1144 326 1296 384 vulgus

152 389 297 419 nostrie
316 379 544 420 nobilitatis
560 409 574 430 ,
595 393 680 432 quae
697 381 934 434 pulchrum,
954 393 992 422 et
1013 383 1190 426 decorum
1211 387 1297 428 sibi

151 453 239 478 esse
274 439 384 478 ducit
401 467 413 488 ,
450 439 605 478 nescire
636 438 797 480 litteras
817 439 1031 491 formare:
1059 443 1171 485 dicas
1196 459 1297 487 sca·

149 498 408 549 rificationem
433 510 522 536 esse
537 497 817 552 gallinarum:
848 509 887 538 et
921 502 1005 541 nisi
1033 506 1296 558 premonitus

151 557 213 596 sis
234 558 346 609 cujus
367 557 422 595 sit
443 569 584 596 manus
600 586 613 606 ,
635 570 845 611 numquam
863 558 1084 602 divinaris.
1244 565 1247 568 ’

90 614 210 655 Man.
234 615 289 654 Et
312 629 358 654 ea
379 615 426 655 cle
445 628 567 655 causa
587 615 703 655 vides
718 646 730 666 ‚
760 617 879 670 qudm
899 620 1032 660 crassi
1053 622 1138 661 sint
1159 621 1294 664 homi-

147 688 234 725 nes,
256 674 373 728 quam
393 684 567 715 amentes
579 704 592 726 ,
617 684 655 714 et
676 675 933 731 opinionibus
950 682 1291 734 corruptissimis.

87 731 207 773 Men.
229 733 428 785 Quomodo
448 743 544 773 sunt
564 734 714 789 vulgus
732 765 745 786 ,
765 735 805 774 si
825 734 1003 778 nobiles?
1023 740 1092 778 An
1113 754 1189 780 non
1209 741 1291 784 hoec

150 793 314 832 multum
335 793 444 832 inter
465 806 508 831 se
527 792 679 832 distant
698 792 716 832 ἓ

86 848 211 892 Man.
248 851 357 903 Quia
392 850 542 906 vulgus
563 864 639 892 non
669 850 880 903 vestibus,
907 861 945 894 et
961 857 1288 910 possessionibus

146 912 437 968 distinguitur,
458 910 527 951 sed
548 912 661 963 vita,
678 921 717 951 et
729 911 884 966 judicio
902 912 949 953 de
969 914 1091 956 rebus
1110 918 1288 972 integro.

87 1028 206 1070 Men.
227 1030 308 1070 Vin
331 1043 426 1085 ergo
446 1038 490 1069 ut
511 1040 583 1069 nos
601 1028 628 1069 d
648 1029 816 1085 vulgari
842 1030 926 1072 ista
955 1032 1121 1074 inscitia
1141 1032 1286 1076 vindi-

86 1110 88 1113 ·
147 1102 278 1129 cemus
297 1090 313 1130 ἓ
334 1089 556 1130 Tradamus
575 1102 646 1129 nos
675 1090 769 1131 huic
789 1092 1110 1134 exercitamento.

86 1207 207 1248 Man.
244 1207 396 1248 Nescio
420 1222 495 1261 quo
522 1216 641 1262 pacto
662 1207 847 1248 naturale
875 1217 936 1248 est
965 1210 1066 1251 mihi
1099 1208 1286 1265 distorte,

143 1268 414 1320 inaequaliter,
430 1266 666 1322 perturbate
686 1280 857 1308 exarare
876 1269 1051 1310 litteras.

88 1326 208 1366 Men.
231 1327 321 1366 Hoc
343 1327 465 1366 habes
487 1326 741 1367 nobilitatis:
771 1340 957 1367 exerceas
990 1337 1056 1367 te:
1090 1341 1180 1368 nam
1208 1342 1287 1370 as·

142 1385 335 1436 suefactio
355 1384 523 1426 mutabit
541 1416 553 1437 ,
579 1385 681 1439 quod
701 1386 886 1426 naturale
906 1399 993 1426 esse
1011 1385 1135 1426 ducit.

85 1444 208 1485 Man.
231 1445 311 1485 Sed
330 1446 399 1485 ubi
419 1448 457 1484 is
479 1445 595 1484 habet
613 1444 631 1483 ἓ

86 1502 204 1543 Men.
228 1503 295 1542 Ex
316 1515 374 1543 me
393 1513 437 1541 tu
459 1503 504 1542 id
523 1503 670 1555 quaeris
684 1502 703 1541 ἓ
723 1501 807 1552 Qui
827 1514 896 1541 nec
915 1501 1056 1542 audivi
1076 1502 1284 1559 bominem,

145 1577 215 1601 nec
235 1562 324 1601 vidi
344 1592 357 1612 ,
383 1574 499 1614 quum
521 1562 609 1613 ipse
629 1574 713 1598 eum
743 1561 950 1600 audieris:
989 1571 1031 1600 tu
1052 1592 1063 1611 ,
1093 1574 1284 1615 quantum

143 1621 327 1674 intelligo
343 1650 356 1671 ‚
376 1621 499 1660 velles
518 1621 647 1658 omnia
667 1619 805 1673 ingeri
824 1619 902 1659 tibi
915 1631 1140 1675 praemansa
1162 1623 1204 1662 in
1221 1636 1283 1664 os.

83 1737 204 1777 Man.
229 1736 277 1776 N
279 1751 352 1776 unc
372 1736 611 1776 commemini
631 1750 642 1776 ε
670 1735 802 1789 ajebat
824 1736 904 1777 sibi
934 1737 1085 1778 domum
1108 1737 1283 1780 conduc-

143 1807 224 1837 tam
240 1799 361 1849 juxta
382 1797 499 1835 aedem
520 1796 699 1834 divorum
722 1794 846 1849 Justi
865 1826 877 1847 ‚
898 1807 935 1836 et
959 1797 1161 1839 Pastoris.

84 1856 203 1895 Men.
229 1856 304 1893 Est
325 1870 423 1909 ergo
447 1855 609 1894 vicinus
637 1866 798 1894 vester:
821 1869 973 1897 eamus.

84 1915 200 1954 Man.
227 1915 343 1953 Heus
372 1924 490 1968 puer,
516 1914 584 1953 ubi
604 1923 664 1954 est
685 1914 910 1970 magister?

85 1975 162 2016 Pu.‘
183 1975 232 2013 ln
258 1975 325 2014 illo
351 1973 547 2014 conclavi.

1380 816 1390 915 .-dn-
1379 576 1390 785 ,a‘A-s—...ss
1379 525 1390 535 ι
1384 466 1390 474 .

1380 1246 1390 1309 μ.-.
1381 1083 1390 1230 φ-...Μ-..η
1381 933 1390 1069 ..-4.“

1388 2098 1390 2107 -
1380 1993 1390 2065 ,με’-ιι
