<?xml version="1.0" encoding="UTF-8"?>
<!DOCTYPE html PUBLIC "-//W3C//DTD XHTML 1.0 Transitional//EN"
    "http://www.w3.org/TR/xhtml1/DTD/xhtml1-transitional.dtd">
<html xmlns="http://www.w3.org/1999/xhtml" xml:lang="en" lang="en">
 <head>
  <title>
</title>
<meta http-equiv="Content-Type" content="text/html;charset=utf-8" />
  <meta name='ocr-system' content='tesseract 3.04.00' />
  <meta name='ocr-capabilities' content='ocr_page ocr_carea ocr_par ocr_line ocrx_word'/>
</head>
<body>
  <div class='ocr_page' id='page_1' title='image "./dialogos00viveuoft_0196.png"; bbox 0 0 1416 2176; ppageno 0'>
   <div class='ocr_carea' id='block_1_1' title="bbox 94 108 1304 822">
    <p class='ocr_par' dir='ltr' id='par_1_1' title="bbox 106 108 943 156">
     <span class='ocr_line' id='line_1_1' title="bbox 106 108 943 156; baseline -0.005 -1"><span class='ocrx_word' id='word_1_1' title='bbox 106 124 124 155; x_wconf 91' lang='lat'>1</span> <span class='ocrx_word' id='word_1_2' title='bbox 138 108 199 156; x_wconf 81' lang='lat'><strong><em>80</em></strong></span> <span class='ocrx_word' id='word_1_3' title='bbox 477 119 746 154; x_wconf 76' lang='lat' dir='ltr'><strong><em>Lunovmus</em></strong></span> <span class='ocrx_word' id='word_1_4' title='bbox 779 117 943 152; x_wconf 72' lang='lat' dir='ltr'><strong><em>vwxzs.</em></strong></span> 
     </span>
    </p>

    <p class='ocr_par' dir='ltr' id='par_1_2' title="bbox 94 170 1298 292">
     <span class='ocr_line' id='line_1_2' title="bbox 94 170 1298 229; baseline -0.001 -11"><span class='ocrx_word' id='word_1_5' title='bbox 94 175 200 229; x_wconf 86' lang='lat' dir='ltr'><strong><em>Spu.</em></strong></span> <span class='ocrx_word' id='word_1_6' title='bbox 223 173 535 218; x_wconf 83' lang='lat' dir='ltr'><strong><em>Descendamus.</em></strong></span> <span class='ocrx_word' id='word_1_7' title='bbox 556 174 778 216; x_wconf 80' lang='lat' dir='ltr'><strong><em>Batatlarii</em></strong></span> <span class='ocrx_word' id='word_1_8' title='bbox 798 183 909 227; x_wconf 87' lang='lat' dir='ltr'><strong><em>sunt,</em></strong></span> <span class='ocrx_word' id='word_1_9' title='bbox 924 170 994 228; x_wconf 84' lang='lat' dir='ltr'><strong><em>qui</em></strong></span> <span class='ocrx_word' id='word_1_10' title='bbox 1012 171 1057 214; x_wconf 85' lang='lat' dir='ltr'><strong><em>in</em></strong></span> <span class='ocrx_word' id='word_1_11' title='bbox 1071 170 1298 229; x_wconf 71' lang='lat' dir='ltr'><em>palestram</em></span> 
     </span>
     <span class='ocr_line' id='line_1_3' title="bbox 165 228 1193 292; baseline -0.001 -16"><span class='ocrx_word' id='word_1_12' title='bbox 165 236 453 292; x_wconf 82' lang='lat' dir='ltr'><strong><em>ingrediuntur</em></strong></span> <span class='ocrx_word' id='word_1_13' title='bbox 473 235 782 276; x_wconf 78' lang='lat' dir='ltr'><em>altercatoriam.</em></span> <span class='ocrx_word' id='word_1_14' title='bbox 1184 228 1193 240; x_wconf 30' lang='grc' dir='ltr'><strong>Χ</strong></span> 
     </span>
    </p>

    <p class='ocr_par' dir='ltr' id='par_1_3' title="bbox 99 294 772 348">
     <span class='ocr_line' id='line_1_4' title="bbox 99 294 772 348; baseline -0.003 -13"><span class='ocrx_word' id='word_1_15' title='bbox 99 295 180 347; x_wconf 86' lang='lat' dir='ltr'><strong><em>Ty.</em></strong></span> <span class='ocrx_word' id='word_1_16' title='bbox 202 297 346 348; x_wconf 73' lang='lat' dir='ltr'><strong><em>Quaeso</em></strong></span> <span class='ocrx_word' id='word_1_17' title='bbox 367 295 553 336; x_wconf 86' lang='lat' dir='ltr'><strong><em>introduc</em></strong></span> <span class='ocrx_word' id='word_1_18' title='bbox 572 307 645 333; x_wconf 89' lang='lat' dir='ltr'><strong><em>nos</em></strong></span> <span class='ocrx_word' id='word_1_19' title='bbox 664 294 772 334; x_wconf 84' lang='lat' dir='ltr'><strong><em>illuc.</em></strong></span> 
     </span>
    </p>

    <p class='ocr_par' dir='ltr' id='par_1_4' title="bbox 96 352 1301 585">
     <span class='ocr_line' id='line_1_5' title="bbox 96 352 1299 412; baseline 0 -17"><span class='ocrx_word' id='word_1_20' title='bbox 96 353 200 406; x_wconf 88' lang='lat' dir='ltr'><strong><em>Spu.</em></strong></span> <span class='ocrx_word' id='word_1_21' title='bbox 221 354 440 412; x_wconf 74' lang='lat' dir='ltr'><strong><em>Ingredere</em></strong></span> <span class='ocrx_word' id='word_1_22' title='bbox 456 385 469 406; x_wconf 92' lang='lat'>‚</span> <span class='ocrx_word' id='word_1_23' title='bbox 491 352 561 394; x_wconf 89' lang='lat' dir='ltr'><strong><em>sed</em></strong></span> <span class='ocrx_word' id='word_1_24' title='bbox 578 354 721 405; x_wconf 85' lang='lat' dir='ltr'><strong><em>tacite,</em></strong></span> <span class='ocrx_word' id='word_1_25' title='bbox 743 366 789 394; x_wconf 88' lang='lat' dir='ltr'><strong><em>ac</em></strong></span> <span class='ocrx_word' id='word_1_26' title='bbox 807 360 1054 394; x_wconf 81' lang='lat' dir='ltr'><strong><em>reverenter.</em></strong></span> <span class='ocrx_word' id='word_1_27' title='bbox 1074 352 1206 408; x_wconf 78' lang='lat' dir='ltr'><strong><em>Aperi</em></strong></span> <span class='ocrx_word' id='word_1_28' title='bbox 1222 365 1299 395; x_wconf 81' lang='lat' dir='ltr'><strong><em>ca·-</em></strong></span> 
     </span>
     <span class='ocr_line' id='line_1_6' title="bbox 149 413 1301 470; baseline -0.001 -17"><span class='ocrx_word' id='word_1_29' title='bbox 149 424 228 469; x_wconf 85' lang='lat' dir='ltr'><strong><em>put</em></strong></span> <span class='ocrx_word' id='word_1_30' title='bbox 246 445 259 466; x_wconf 90' lang='lat'>,</span> <span class='ocrx_word' id='word_1_31' title='bbox 280 424 317 455; x_wconf 89' lang='lat' dir='ltr'><strong><em>et</em></strong></span> <span class='ocrx_word' id='word_1_32' title='bbox 339 420 477 470; x_wconf 86' lang='lat' dir='ltr'><strong><em>specta</em></strong></span> <span class='ocrx_word' id='word_1_33' title='bbox 496 421 675 454; x_wconf 79' lang='lat' dir='ltr'><strong><em>attentus</em></strong></span> <span class='ocrx_word' id='word_1_34' title='bbox 702 413 897 467; x_wconf 86' lang='lat' dir='ltr'><strong><em>singula:</em></strong></span> <span class='ocrx_word' id='word_1_35' title='bbox 934 425 1026 453; x_wconf 86' lang='lat' dir='ltr'><strong><em>nam</em></strong></span> <span class='ocrx_word' id='word_1_36' title='bbox 1056 413 1219 468; x_wconf 82' lang='lat' dir='ltr'><strong><em>magnis</em></strong></span> <span class='ocrx_word' id='word_1_37' title='bbox 1251 413 1301 453; x_wconf 79' lang='lat' dir='ltr'><strong><em>de</em></strong></span> 
     </span>
     <span class='ocr_line' id='line_1_7' title="bbox 154 470 1300 527; baseline -0.001 -14"><span class='ocrx_word' id='word_1_38' title='bbox 154 473 276 513; x_wconf 83' lang='lat' dir='ltr'><strong><em>rebus</em></strong></span> <span class='ocrx_word' id='word_1_39' title='bbox 296 473 530 523; x_wconf 76' lang='lat' dir='ltr'><strong><em>disseritur,</em></strong></span> <span class='ocrx_word' id='word_1_40' title='bbox 549 481 590 511; x_wconf 84' lang='lat' dir='ltr'><strong><em>et</em></strong></span> <span class='ocrx_word' id='word_1_41' title='bbox 613 485 714 525; x_wconf 82' lang='lat' dir='ltr'><strong><em>quas</em></strong></span> <span class='ocrx_word' id='word_1_42' title='bbox 728 472 946 526; x_wconf 80' lang='lat' dir='ltr'><strong><em>plurimum</em></strong></span> <span class='ocrx_word' id='word_1_43' title='bbox 977 470 1170 511; x_wconf 81' lang='lat' dir='ltr'><strong><em>conducat</em></strong></span> <span class='ocrx_word' id='word_1_44' title='bbox 1196 485 1300 527; x_wconf 86' lang='lat' dir='ltr'><strong><em>cog-</em></strong></span> 
     </span>
     <span class='ocr_line' id='line_1_8' title="bbox 154 530 1300 585; baseline -0.002 -13"><span class='ocrx_word' id='word_1_45' title='bbox 154 546 328 572; x_wconf 84' lang='lat' dir='ltr'><strong><em>noscere.</em></strong></span> <span class='ocrx_word' id='word_1_46' title='bbox 350 533 424 571; x_wconf 88' lang='lat' dir='ltr'><strong><em>Ille</em></strong></span> <span class='ocrx_word' id='word_1_47' title='bbox 441 561 454 582; x_wconf 89' lang='lat'>,</span> <span class='ocrx_word' id='word_1_48' title='bbox 473 545 588 585; x_wconf 78' lang='lat' dir='ltr'><strong><em>quem</em></strong></span> <span class='ocrx_word' id='word_1_49' title='bbox 609 531 806 570; x_wconf 82' lang='lat' dir='ltr'><strong><em>sedentem</em></strong></span> <span class='ocrx_word' id='word_1_50' title='bbox 825 530 979 585; x_wconf 82' lang='lat' dir='ltr'><strong><em>aspicis</em></strong></span> <span class='ocrx_word' id='word_1_51' title='bbox 1003 530 1207 570; x_wconf 81' lang='lat' dir='ltr'><strong><em>sublimem</em></strong></span> <span class='ocrx_word' id='word_1_52' title='bbox 1227 544 1300 570; x_wconf 87' lang='lat' dir='ltr'><strong><em>so·-</em></strong></span> 
     </span>
    </p>

    <p class='ocr_par' dir='ltr' id='par_1_5' title="bbox 110 589 1304 822">
     <span class='ocr_line' id='line_1_9' title="bbox 110 589 1298 646; baseline -0.001 -16"><span class='ocrx_word' id='word_1_53' title='bbox 110 592 112 594; x_wconf 76' lang='grc'><strong>’</strong></span> <span class='ocrx_word' id='word_1_54' title='bbox 154 592 234 631; x_wconf 85' lang='lat' dir='ltr'><strong><em>lum</em></strong></span> <span class='ocrx_word' id='word_1_55' title='bbox 253 621 266 642; x_wconf 87' lang='lat'><strong>,</strong></span> <span class='ocrx_word' id='word_1_56' title='bbox 296 601 335 630; x_wconf 85' lang='lat' dir='ltr'><strong><em>et</em></strong></span> <span class='ocrx_word' id='word_1_57' title='bbox 359 601 511 646; x_wconf 77' lang='lat' dir='ltr'><strong><em>praeses</em></strong></span> <span class='ocrx_word' id='word_1_58' title='bbox 547 598 608 628; x_wconf 86' lang='lat' dir='ltr'><strong><em>est</em></strong></span> <span class='ocrx_word' id='word_1_59' title='bbox 642 589 873 629; x_wconf 84' lang='lat' dir='ltr'><strong><em>certaminis</em></strong></span> <span class='ocrx_word' id='word_1_60' title='bbox 892 619 905 640; x_wconf 89' lang='lat'>,</span> <span class='ocrx_word' id='word_1_61' title='bbox 937 598 977 628; x_wconf 88' lang='lat' dir='ltr'><strong><em>et</em></strong></span> <span class='ocrx_word' id='word_1_62' title='bbox 1007 591 1298 630; x_wconf 78' lang='lat' dir='ltr'><strong><em>contentionum</em></strong></span> 
     </span>
     <span class='ocr_line' id='line_1_10' title="bbox 151 645 1296 704; baseline -0.002 -14"><span class='ocrx_word' id='word_1_63' title='bbox 151 649 346 701; x_wconf 81' lang='lat' dir='ltr'><strong><em>decretor,</em></strong></span> <span class='ocrx_word' id='word_1_64' title='bbox 382 649 575 704; x_wconf 81' lang='lat' dir='ltr'><strong><em>quasique</em></strong></span> <span class='ocrx_word' id='word_1_65' title='bbox 606 645 667 703; x_wconf 82' lang='lat' dir='ltr'><strong><em>(a)</em></strong></span> <span class='ocrx_word' id='word_1_66' title='bbox 704 648 959 704; x_wconf 83' lang='lat' dir='ltr'><strong><em>agonotheta.</em></strong></span> <span class='ocrx_word' id='word_1_67' title='bbox 997 648 1179 688; x_wconf 87' lang='lat' dir='ltr'><strong><em>Primum</em></strong></span> <span class='ocrx_word' id='word_1_68' title='bbox 1207 650 1296 702; x_wconf 87' lang='lat' dir='ltr'><strong><em>ejus</em></strong></span> 
     </span>
     <span class='ocr_line' id='line_1_11' title="bbox 152 706 1304 763; baseline 0.002 -15"><span class='ocrx_word' id='word_1_69' title='bbox 152 722 295 749; x_wconf 86' lang='lat' dir='ltr'><strong><em>munus</em></strong></span> <span class='ocrx_word' id='word_1_70' title='bbox 315 718 375 748; x_wconf 89' lang='lat' dir='ltr'><strong><em>est</em></strong></span> <span class='ocrx_word' id='word_1_71' title='bbox 396 710 478 749; x_wconf 86' lang='lat' dir='ltr'><strong><em>loca</em></strong></span> <span class='ocrx_word' id='word_1_72' title='bbox 524 710 833 747; x_wconf 79' lang='lat' dir='ltr'><strong><em>concertantium</em></strong></span> <span class='ocrx_word' id='word_1_73' title='bbox 853 706 1069 763; x_wconf 86' lang='lat' dir='ltr'><strong><em>designare</em></strong></span> <span class='ocrx_word' id='word_1_74' title='bbox 1084 736 1098 758; x_wconf 87' lang='lat'><strong>,</strong></span> <span class='ocrx_word' id='word_1_75' title='bbox 1128 720 1178 746; x_wconf 84' lang='lat' dir='ltr'><strong><em>ne</em></strong></span> <span class='ocrx_word' id='word_1_76' title='bbox 1211 707 1304 750; x_wconf 64' lang='lat' dir='ltr'><strong><em>ulla.</em></strong></span> 
     </span>
     <span class='ocr_line' id='line_1_12' title="bbox 153 765 1217 822; baseline -0.001 -13"><span class='ocrx_word' id='word_1_77' title='bbox 153 769 209 810; x_wconf 84' lang='lat' dir='ltr'><strong><em>sit</em></strong></span> <span class='ocrx_word' id='word_1_78' title='bbox 227 768 407 821; x_wconf 85' lang='lat' dir='ltr'><strong><em>confusio</em></strong></span> <span class='ocrx_word' id='word_1_79' title='bbox 422 797 438 821; x_wconf 90' lang='lat'>‚</span> <span class='ocrx_word' id='word_1_80' title='bbox 465 776 535 809; x_wconf 79' lang='lat' dir='ltr'><strong><em>aut</em></strong></span> <span class='ocrx_word' id='word_1_81' title='bbox 550 765 803 822; x_wconf 81' lang='lat' dir='ltr'><strong><em>perturbatio</em></strong></span> <span class='ocrx_word' id='word_1_82' title='bbox 818 767 968 822; x_wconf 79' lang='lat' dir='ltr'><strong><em>praeire</em></strong></span> <span class='ocrx_word' id='word_1_83' title='bbox 987 766 1217 808; x_wconf 84' lang='lat' dir='ltr'><strong><em>volentium.</em></strong></span> 
     </span>
    </p>
   </div>
   <div class='ocr_carea' id='block_1_2' title="bbox 90 1061 994 1122">
    <p class='ocr_par' dir='ltr' id='par_1_6' title="bbox 90 1061 994 1122">
     <span class='ocr_line' id='line_1_13' title="bbox 90 1061 994 1122; baseline -0.002 -16"><span class='ocrx_word' id='word_1_84' title='bbox 90 1063 173 1118; x_wconf 87' lang='lat' dir='ltr'><strong><em>Ty.</em></strong></span> <span class='ocrx_word' id='word_1_85' title='bbox 196 1064 310 1118; x_wconf 74' lang='lat' dir='ltr'><strong><em>Quid</em></strong></span> <span class='ocrx_word' id='word_1_86' title='bbox 329 1063 411 1106; x_wconf 84' lang='lat' dir='ltr'><strong><em>sibi</em></strong></span> <span class='ocrx_word' id='word_1_87' title='bbox 431 1063 517 1106; x_wconf 83' lang='lat' dir='ltr'><strong><em>vult</em></strong></span> <span class='ocrx_word' id='word_1_88' title='bbox 534 1062 722 1120; x_wconf 79' lang='lat' dir='ltr'><strong><em>pellitam</em></strong></span> <span class='ocrx_word' id='word_1_89' title='bbox 737 1063 958 1122; x_wconf 82' lang='lat' dir='ltr'><strong><em>epitogium</em></strong></span> <span class='ocrx_word' id='word_1_90' title='bbox 971 1061 994 1104; x_wconf 78' lang='lat'>3</span> 
     </span>
    </p>
   </div>
   <div class='ocr_carea' id='block_1_3' title="bbox 90 1179 1301 1472">
    <p class='ocr_par' dir='ltr' id='par_1_7' title="bbox 90 1179 1301 1472">
     <span class='ocr_line' id='line_1_14' title="bbox 90 1179 1296 1239; baseline 0.001 -16"><span class='ocrx_word' id='word_1_91' title='bbox 90 1181 195 1234; x_wconf 90' lang='lat' dir='ltr'><strong><em>Spu.</em></strong></span> <span class='ocrx_word' id='word_1_92' title='bbox 215 1183 280 1224; x_wconf 82' lang='lat' dir='ltr'><strong><em>Ea</em></strong></span> <span class='ocrx_word' id='word_1_93' title='bbox 302 1194 365 1223; x_wconf 85' lang='lat' dir='ltr'><strong><em>est</em></strong></span> <span class='ocrx_word' id='word_1_94' title='bbox 385 1183 590 1239; x_wconf 79' lang='lat' dir='ltr'><strong><em>ephestris</em></strong></span> <span class='ocrx_word' id='word_1_95' title='bbox 609 1182 826 1224; x_wconf 83' lang='lat' dir='ltr'><strong><em>doctoralis</em></strong></span> <span class='ocrx_word' id='word_1_96' title='bbox 838 1214 851 1233; x_wconf 91' lang='lat'><strong><em>‚</em></strong></span> <span class='ocrx_word' id='word_1_97' title='bbox 871 1182 1043 1237; x_wconf 82' lang='lat' dir='ltr'><strong><em>insigne</em></strong></span> <span class='ocrx_word' id='word_1_98' title='bbox 1056 1179 1228 1235; x_wconf 78' lang='lat' dir='ltr'><strong><em>ordinis,</em></strong></span> <span class='ocrx_word' id='word_1_99' title='bbox 1245 1187 1296 1224; x_wconf 63' lang='lat' dir='ltr'><strong><em>ae</em></strong></span> 
     </span>
     <span class='ocr_line' id='line_1_15' title="bbox 146 1241 1301 1299; baseline 0.001 -16"><span class='ocrx_word' id='word_1_100' title='bbox 146 1242 372 1299; x_wconf 82' lang='lat' dir='ltr'><strong><em>dignitatis</em></strong></span> <span class='ocrx_word' id='word_1_101' title='bbox 408 1245 535 1284; x_wconf 80' lang='lat' dir='ltr'><strong><em>illius.</em></strong></span> <span class='ocrx_word' id='word_1_102' title='bbox 567 1243 695 1282; x_wconf 91' lang='lat' dir='ltr'><strong><em>Homo</em></strong></span> <span class='ocrx_word' id='word_1_103' title='bbox 733 1253 795 1282; x_wconf 80' lang='lat' dir='ltr'><strong><em>est</em></strong></span> <span class='ocrx_word' id='word_1_104' title='bbox 832 1243 876 1282; x_wconf 85' lang='lat' dir='ltr'><strong><em>in</em></strong></span> <span class='ocrx_word' id='word_1_105' title='bbox 902 1242 1049 1297; x_wconf 81' lang='lat' dir='ltr'><strong><em>paucis</em></strong></span> <span class='ocrx_word' id='word_1_106' title='bbox 1076 1241 1301 1284; x_wconf 59' lang='lat' dir='ltr'><strong><em>eruditus}</em></strong></span> 
     </span>
     <span class='ocr_line' id='line_1_16' title="bbox 146 1300 1293 1357; baseline -0.003 -15"><span class='ocrx_word' id='word_1_107' title='bbox 146 1305 293 1357; x_wconf 76' lang='lat' dir='ltr'><strong><em>quique</em></strong></span> <span class='ocrx_word' id='word_1_108' title='bbox 314 1312 350 1342; x_wconf 87' lang='lat' dir='ltr'><strong><em>et</em></strong></span> <span class='ocrx_word' id='word_1_109' title='bbox 373 1303 415 1342; x_wconf 91' lang='lat' dir='ltr'><strong><em>in</em></strong></span> <span class='ocrx_word' id='word_1_110' title='bbox 436 1303 600 1342; x_wconf 85' lang='lat' dir='ltr'><strong><em>lectione</em></strong></span> <span class='ocrx_word' id='word_1_111' title='bbox 619 1301 933 1342; x_wconf 86' lang='lat' dir='ltr'><strong><em>candidatorum.</em></strong></span> <span class='ocrx_word' id='word_1_112' title='bbox 955 1300 1179 1357; x_wconf 80' lang='lat' dir='ltr'><strong><em>Theologiae</em></strong></span> <span class='ocrx_word' id='word_1_113' title='bbox 1190 1301 1293 1354; x_wconf 79' lang='lat' dir='ltr'><strong><em>pri-</em></strong></span> 
     </span>
     <span class='ocr_line' id='line_1_17' title="bbox 145 1359 1294 1414; baseline -0.001 -14"><span class='ocrx_word' id='word_1_114' title='bbox 145 1375 231 1401; x_wconf 86' lang='lat' dir='ltr'><strong><em>mas</em></strong></span> <span class='ocrx_word' id='word_1_115' title='bbox 256 1362 352 1402; x_wconf 87' lang='lat' dir='ltr'><strong><em>tulit</em></strong></span> <span class='ocrx_word' id='word_1_116' title='bbox 369 1391 382 1414; x_wconf 86' lang='lat'><strong>,</strong></span> <span class='ocrx_word' id='word_1_117' title='bbox 405 1371 442 1401; x_wconf 89' lang='lat' dir='ltr'><strong><em>et</em></strong></span> <span class='ocrx_word' id='word_1_118' title='bbox 458 1362 511 1402; x_wconf 81' lang='lat' dir='ltr'><strong><em>ad</em></strong></span> <span class='ocrx_word' id='word_1_119' title='bbox 537 1376 623 1401; x_wconf 88' lang='lat' dir='ltr'><strong><em>eum</em></strong></span> <span class='ocrx_word' id='word_1_120' title='bbox 644 1362 902 1403; x_wconf 83' lang='lat' dir='ltr'><strong><em>doctissimus</em></strong></span> <span class='ocrx_word' id='word_1_121' title='bbox 932 1359 1102 1414; x_wconf 82' lang='lat' dir='ltr'><strong><em>quis&#39;que</em></strong></span> <span class='ocrx_word' id='word_1_122' title='bbox 1128 1360 1294 1414; x_wconf 71' lang='lat' dir='ltr'><strong><em>primae</em></strong></span> 
     </span>
     <span class='ocr_line' id='line_1_18' title="bbox 146 1419 1094 1472; baseline 0.004 -12"><span class='ocrx_word' id='word_1_123' title='bbox 146 1419 279 1472; x_wconf 83' lang='lat' dir='ltr'><strong><em>defert</em></strong></span> <span class='ocrx_word' id='word_1_124' title='bbox 309 1436 360 1462; x_wconf 78' lang='lat' dir='ltr'><strong><em>ex</em></strong></span> <span class='ocrx_word' id='word_1_125' title='bbox 392 1420 464 1462; x_wconf 78' lang='lat' dir='ltr'><strong><em>hoc</em></strong></span> <span class='ocrx_word' id='word_1_126' title='bbox 483 1421 638 1463; x_wconf 82' lang='lat' dir='ltr'><strong><em>ordine.</em></strong></span> <span class='ocrx_word' id='word_1_127' title='bbox 1091 1419 1094 1424; x_wconf 68' lang='grc'><em>’</em></span> 
     </span>
    </p>
   </div>
   <div class='ocr_carea' id='block_1_4' title="bbox 53 1592 1288 2057">
    <p class='ocr_par' dir='ltr' id='par_1_8' title="bbox 80 1592 1288 1944">
     <span class='ocr_line' id='line_1_19' title="bbox 141 1592 1288 1651; baseline 0.001 -16"><span class='ocrx_word' id='word_1_128' title='bbox 141 1592 201 1651; x_wconf 87' lang='lat' dir='ltr'><strong><em>(a)</em></strong></span> <span class='ocrx_word' id='word_1_129' title='bbox 263 1594 535 1650; x_wconf 85' lang='lat' dir='ltr'><strong><em>Agonotheta</em></strong></span> <span class='ocrx_word' id='word_1_130' title='bbox 553 1626 566 1648; x_wconf 92' lang='lat'><strong>,</strong></span> <span class='ocrx_word' id='word_1_131' title='bbox 591 1597 857 1638; x_wconf 82' lang='lat' dir='ltr'><strong><em>munerarius</em></strong></span> <span class='ocrx_word' id='word_1_132' title='bbox 874 1625 888 1647; x_wconf 84' lang='lat'><strong>,</strong></span> <span class='ocrx_word' id='word_1_133' title='bbox 911 1594 1037 1636; x_wconf 80' lang='lat' dir='ltr'><strong><em>idest</em></strong></span> <span class='ocrx_word' id='word_1_134' title='bbox 1055 1625 1070 1647; x_wconf 88' lang='lat'>,</span> <span class='ocrx_word' id='word_1_135' title='bbox 1098 1595 1172 1646; x_wconf 80' lang='lat' dir='ltr'><strong><em>qui</em></strong></span> <span class='ocrx_word' id='word_1_136' title='bbox 1210 1594 1288 1637; x_wconf 86' lang='lat' dir='ltr'><strong><em>lu-</em></strong></span> 
     </span>
     <span class='ocr_line' id='line_1_20' title="bbox 83 1651 1286 1706; baseline 0.001 -12"><span class='ocrx_word' id='word_1_137' title='bbox 83 1654 161 1695; x_wconf 87' lang='lat' dir='ltr'><strong><em>dos</em></strong></span> <span class='ocrx_word' id='word_1_138' title='bbox 184 1657 341 1705; x_wconf 76' lang='lat' dir='ltr'><strong><em>populo</em></strong></span> <span class='ocrx_word' id='word_1_139' title='bbox 360 1657 586 1697; x_wconf 73' lang='lat' dir='ltr'><strong><em>exhibebat</em></strong></span> <span class='ocrx_word' id='word_1_140' title='bbox 604 1685 616 1705; x_wconf 90' lang='lat'>‚</span> <span class='ocrx_word' id='word_1_141' title='bbox 649 1656 869 1706; x_wconf 77' lang='lat' dir='ltr'><strong><em>ptaefectus</em></strong></span> <span class='ocrx_word' id='word_1_142' title='bbox 889 1651 1086 1695; x_wconf 76' lang='lat' dir='ltr'><strong><em>ludorum</em></strong></span> <span class='ocrx_word' id='word_1_143' title='bbox 1103 1684 1119 1706; x_wconf 85' lang='lat'>,</span> <span class='ocrx_word' id='word_1_144' title='bbox 1138 1665 1286 1696; x_wconf 74' lang='lat' dir='ltr'><strong><em>certa-</em></strong></span> 
     </span>
     <span class='ocr_line' id='line_1_21' title="bbox 81 1713 1286 1769; baseline 0.002 -17"><span class='ocrx_word' id='word_1_145' title='bbox 81 1713 242 1753; x_wconf 74' lang='lat' dir='ltr'><strong><em>minum</em></strong></span> <span class='ocrx_word' id='word_1_146' title='bbox 280 1727 456 1766; x_wconf 82' lang='lat' dir='ltr'><strong><em>praeses‚</em></strong></span> <span class='ocrx_word' id='word_1_147' title='bbox 486 1726 527 1755; x_wconf 90' lang='lat' dir='ltr'><strong><em>et</em></strong></span> <span class='ocrx_word' id='word_1_148' title='bbox 559 1714 705 1769; x_wconf 80' lang='lat' dir='ltr'><strong><em>judex.</em></strong></span> <span class='ocrx_word' id='word_1_149' title='bbox 740 1715 886 1755; x_wconf 87' lang='lat' dir='ltr'><strong><em>Petrus</em></strong></span> <span class='ocrx_word' id='word_1_150' title='bbox 924 1713 1100 1764; x_wconf 86' lang='lat' dir='ltr'><strong><em>Motta‚&#39;</em></strong></span> <span class='ocrx_word' id='word_1_151' title='bbox 1132 1714 1286 1767; x_wconf 64' lang='lat' dir='ltr'><strong><em>agonia³</em></strong></span> 
     </span>
     <span class='ocr_line' id='line_1_22' title="bbox 80 1773 1286 1825; baseline -0.001 -12"><span class='ocrx_word' id='word_1_152' title='bbox 80 1773 305 1823; x_wconf 78' lang='lat' dir='ltr'><strong><em>dispositor</em></strong></span> <span class='ocrx_word' id='word_1_153' title='bbox 319 1803 333 1823; x_wconf 87' lang='lat'>,</span> <span class='ocrx_word' id='word_1_154' title='bbox 355 1787 427 1816; x_wconf 86' lang='lat' dir='ltr'><strong><em>seu</em></strong></span> <span class='ocrx_word' id='word_1_155' title='bbox 451 1773 671 1824; x_wconf 82' lang='lat' dir='ltr'><strong><em>ptaefectus</em></strong></span> <span class='ocrx_word' id='word_1_156' title='bbox 689 1804 702 1825; x_wconf 92' lang='lat'><strong>,</strong></span> <span class='ocrx_word' id='word_1_157' title='bbox 724 1775 796 1823; x_wconf 85' lang='lat' dir='ltr'><strong><em>qui</em></strong></span> <span class='ocrx_word' id='word_1_158' title='bbox 815 1774 1028 1825; x_wconf 84' lang='lat' dir='ltr'><strong><em>praemium</em></strong></span> <span class='ocrx_word' id='word_1_159' title='bbox 1057 1775 1106 1813; x_wconf 87' lang='lat' dir='ltr'><strong><em>in</em></strong></span> <span class='ocrx_word' id='word_1_160' title='bbox 1134 1773 1286 1822; x_wconf 54' lang='lat' dir='ltr'><strong><em>quoli*</em></strong></span> 
     </span>
     <span class='ocr_line' id='line_1_23' title="bbox 82 1831 1286 1888; baseline 0.003 -18"><span class='ocrx_word' id='word_1_161' title='bbox 82 1831 155 1872; x_wconf 88' lang='lat' dir='ltr'><strong><em>bet</em></strong></span> <span class='ocrx_word' id='word_1_162' title='bbox 188 1832 380 1874; x_wconf 65' lang='lat' dir='ltr'><strong><em>nudorum</em></strong></span> <span class='ocrx_word' id='word_1_163' title='bbox 405 1846 560 1888; x_wconf 82' lang='lat' dir='ltr'><strong><em>genere</em></strong></span> <span class='ocrx_word' id='word_1_164' title='bbox 594 1834 808 1884; x_wconf 80' lang='lat' dir='ltr'><strong><em>proponit.</em></strong></span> <span class='ocrx_word' id='word_1_165' title='bbox 844 1833 960 1885; x_wconf 91' lang='lat' dir='ltr'><strong><em>Lege</em></strong></span> <span class='ocrx_word' id='word_1_166' title='bbox 987 1831 1110 1884; x_wconf 81' lang='lat' dir='ltr'><strong><em>Virg.</em></strong></span> <span class='ocrx_word' id='word_1_167' title='bbox 1132 1831 1208 1872; x_wconf 86' lang='lat' dir='ltr'><strong><em>lib.</em></strong></span> <span class='ocrx_word' id='word_1_168' title='bbox 1240 1843 1286 1882; x_wconf 83' lang='grc' dir='ltr'><strong><em>ς.</em></strong></span> 
     </span>
     <span class='ocr_line' id='line_1_24' title="bbox 80 1891 1284 1944; baseline -0.001 -13"><span class='ocrx_word' id='word_1_169' title='bbox 80 1891 250 1931; x_wconf 81' lang='lat' dir='ltr'><strong><em>AEneid.</em></strong></span> <span class='ocrx_word' id='word_1_170' title='bbox 270 1893 294 1932; x_wconf 69' lang='grc' dir='ltr'>ὲ</span> <span class='ocrx_word' id='word_1_171' title='bbox 318 1905 357 1933; x_wconf 85' lang='grc' dir='ltr'><strong><em>ν.</em></strong></span> <span class='ocrx_word' id='word_1_172' title='bbox 374 1906 447 1944; x_wconf 82' lang='lat'><strong><em>42.</em></strong></span> <span class='ocrx_word' id='word_1_173' title='bbox 471 1905 601 1943; x_wconf 89' lang='lat' dir='ltr'><strong><em>usque</em></strong></span> <span class='ocrx_word' id='word_1_174' title='bbox 620 1893 672 1933; x_wconf 84' lang='lat' dir='ltr'><strong><em>ad</em></strong></span> <span class='ocrx_word' id='word_1_175' title='bbox 699 1904 799 1944; x_wconf 82' lang='lat'><strong><em>305.</em></strong></span> <span class='ocrx_word' id='word_1_176' title='bbox 818 1891 1022 1933; x_wconf 84' lang='lat' dir='ltr'><strong><em>Adinstat</em></strong></span> <span class='ocrx_word' id='word_1_177' title='bbox 1040 1891 1162 1931; x_wconf 82' lang='lat' dir='ltr'><strong><em>&#39;illius</em></strong></span> <span class='ocrx_word' id='word_1_178' title='bbox 1181 1903 1284 1931; x_wconf 84' lang='lat' dir='ltr'><strong><em>cot-</em></strong></span> 
     </span>
    </p>

    <p class='ocr_par' dir='ltr' id='par_1_9' title="bbox 53 1948 1285 2057">
     <span class='ocr_line' id='line_1_25' title="bbox 53 1948 1285 2006; baseline 0 -17"><span class='ocrx_word' id='word_1_179' title='bbox 53 1950 233 2001; x_wconf 72' lang='lat' dir='ltr'><strong><em>„petalis</em></strong></span> <span class='ocrx_word' id='word_1_180' title='bbox 256 1959 403 2004; x_wconf 64' lang='lat' dir='ltr'><strong><em>pugnae</em></strong></span> <span class='ocrx_word' id='word_1_181' title='bbox 421 1952 509 1995; x_wconf 83' lang='lat' dir='ltr'><strong><em>haee</em></strong></span> <span class='ocrx_word' id='word_1_182' title='bbox 527 1953 697 1996; x_wconf 81' lang='lat' dir='ltr'><strong><em>nomina</em></strong></span> <span class='ocrx_word' id='word_1_183' title='bbox 713 1964 867 2006; x_wconf 81' lang='lat' dir='ltr'><strong><em>pugnae</em></strong></span> <span class='ocrx_word' id='word_1_184' title='bbox 887 1950 1176 1994; x_wconf 83' lang='lat' dir='ltr'><strong><em>intellectuali</em></strong></span> <span class='ocrx_word' id='word_1_185' title='bbox 1197 1948 1285 1996; x_wconf 86' lang='lat' dir='ltr'><strong><em>Vi-</em></strong></span> 
     </span>
     <span class='ocr_line' id='line_1_26' title="bbox 60 1996 481 2057; baseline 0.01 -5"><span class='ocrx_word' id='word_1_186' title='bbox 60 1996 158 2052; x_wconf 44' lang='lat' dir='ltr'><strong><em>Wes</em></strong></span> <span class='ocrx_word' id='word_1_187' title='bbox 181 2012 481 2057; x_wconf 80' lang='lat' dir='ltr'><strong><em>accommodat.</em></strong></span> 
     </span>
    </p>
   </div>
   <div class='ocr_carea' id='block_1_5' title="bbox 1388 1801 1416 2151">
    <p class='ocr_par' dir='ltr' id='par_1_10' title="bbox 1388 1801 1416 2151">
     <span class='ocr_line' id='line_1_27' title="bbox 1388 1801 1416 2151; textangle 90"><span class='ocrx_word' id='word_1_188' title='bbox 1388 2140 1404 2151; x_wconf 43' lang='lat' dir='ltr'><em>l</em></span> <span class='ocrx_word' id='word_1_189' title='bbox 1389 2076 1402 2084; x_wconf 52' lang='lat' dir='ltr'><em>l</em></span> <span class='ocrx_word' id='word_1_190' title='bbox 1405 1997 1416 2046; x_wconf 36' lang='lat' dir='ltr'><strong><em>*tm</em></strong></span> <span class='ocrx_word' id='word_1_191' title='bbox 1404 1801 1416 1977; x_wconf 43' lang='lat' dir='ltr'><strong><em>:nasa-“ds-</em></strong></span> 
     </span>
    </p>
   </div>
  </div>
 </body>
</html>
