1390 2170
94 109 118 139 2
131 107 153 139 2
165 107 190 138 2
470 104 734 137 LUDOVICUS
770 107 930 140 VIVES'·

149 157 529 213 refrigeratorium,
550 168 588 197 et
609 160 816 214 oenophora
834 154 1027 216 grandia.
1040 163 1156 214 *Tum
1174 165 1290 208 sedi..

139 220 207 262 lia
227 218 344 258 varia
363 246 376 267 ,
397 217 499 257 sellae
518 248 529 265 ,
553 216 734 258 bissellia
750 249 763 271 ,
783 231 821 260 et
842 220 1003 275 dominae
1024 222 1123 272 selba
1151 226 1288 279 plica-

148 279 239 318 tilis
255 288 405 332 parata
427 306 441 327 ,
467 277 626 318 visendi
647 281 780 333 operis
796 310 811 333 ‚
832 294 917 321 cum
944 282 1115 336 pulvino
1130 286 1288 338 serico,

146 348 184 378 et
208 337 470 392 suppedaneo.
504 358 509 363 ·

88 515 198 557 Aris.
222 515 326 555 Pone
348 513 505 555 tandem
527 527 714 566 mensam,
737 525 775 556 et
797 515 952 572 explica
967 528 1176 575 mappam-3
1196 532 1288 562 nam

145 575 246 615 mihi
266 576 460 614 intestina
480 573 692 628 prce-fame
714 576 899 629 rugiunt.
1211 621 1214 623 ,

86 633 186 675 Lur.
224 633 328 673 Erat
351 645 483 672 mensa
513 630 574 688 (a)
600 632 721 673 cibila
743 635 889 689 ingens
909 645 1166 690 segmentata
1193 646 1284 691 ope-

142 694 204 733 ris
223 693 420 733 tessellati
454 693 645 747 antiqui,
687 706 772 748 quae
797 693 940 745 fuerat
955 695 1162 750 principis
1190 697 1281 737 Di-

142 753 327 806 caearchi.
541 795 545 798 ,
1029 783 1032 784 ⁷

83 810 194 852 Aris.
219 811 251 851 Ο
272 822 407 851 mensa
427 810 594 865 antiqua
611 839 625 862 ,
646 809 763 865 quam
786 810 945 867 dispari
975 811 1128 854 domino
1147 812 1280 855 domi-

143 871 260 911 naris
282 871 291 910 ἔ

81 931 185 972 Lur.
208 929 323 969 Illam
342 928 429 984 ipse
448 928 543 968 emit
568 928 612 968 in
629 928 815 969 auctione
835 930 942 970 satis
962 920 1108 986 magno
1123 960 1138 982 ,
1155 920 1280 974 solum

140 988 243 1044 quod
273 989 386 1028 illius
411 986 595 1038 fuisset,
622 998 664 1026 ut
685 987 840 1041 aliquid
870 988 1033 1030 haberet
1058 991 1280 1044 principis.

140 1049 282 1088 Datur
311 1061 414 1101 aqua
445 1045 634 1087 lavandis
662 1046 843 1086 manibus
861 1077 873 1097 ‚
903 1048 1081 1102 primum
1118 1049 1281 1104 magnis

140 1105 482 1160 recusationibus,
502 1116 540 1147 et
562 1105 874 1149 invitationibus
894 1108 1059 1161 mutuis,
1071 1117 1118 1155 <et
1134 1107 1282 1153 ceden-

140 1167 191 1208 do
215 1167 403 1208 invicem.
1086 1166 1088 1168 ’

79 1345 198 1387 Aris.
218 1345 327 1386 Idem
339 1343 497 1396 factum
518 1355 582 1386 est
608 1347 650 1387 in
666 1357 855 1386 consessu
872 1374 886 1397 ‚
907 1358 1027 1399 quum
1051 1343 1218 1399 quisque
1235 1357 1279 1386 se

138 1405 369 1451 inferiorem
389 1405 515 1445 altero
526 1405 685 1456 faceret
702 1437 714 1456 ,
737 1405 849 1444 illum
870 1404 1076 1444 extolleret
1103 1403 1274 1442 comita-

137 1475 177 1504 te
195 1465 535 1519 arrogantissima
549 1495 562 1515 ,
581 1479 699 1518 quum
719 1462 991 1517 unusquilibet
1013 1461 1209 1517 potiorem
1229 1474 1273 1500 se

139 1525 310 1577 reliquis
330 1524 513 1563 omnibus
529 1532 721 1563 censeret.

80 1582 179 1622 Lur.
218 1582 298 1621 Sed
334 1582 513 1620 dominus
547 1583 642 1634 jure
678 1593 748 1619 suo
786 1577 1001 1619 distribuit
1040 1578 1157 1630 loca,
1196 1592 1272 1619 sa-

137 1650 250 1680 crata
295 1649 356 1678 est
398 1653 532 1679 mensa
568 1639 595 1678 a*
624 1637 790 1694 puerulo
829 1637 1041 1689 breviter,
1087 1648 1126 1678 et
1167 1648 1273 1693 per-

129 1698 334 1749 functorie
362 1726 377 1747 ‚
424 1707 461 1736 et
506 1711 581 1738 non
625 1702 712 1737 sine
756 1697 921 1749 rhyrmo.
974 1696 1092 1749 Quod
1141 1708 1272 1753 appo-

138 1759 260 1797 situm
305 1766 396 1807 est,
434 1766 474 1796 et
513 1766 731 1812 apponetur
752 1784 768 1808 ‚
802 1755 1017 1797 Christus,
1045 1757 1272 1796 benedicere

139 1873 200 1932 (a)
260 1873 423 1915 Cibilas
444 1887 628 1926 mensas,
648 1876 673 1916 ὲ
693 1874 799 1915 cibis
818 1905 832 1925 ,
852 1874 1061 1916 vocabant
1096 1875 1272 1915 romani.

81 1934 291 1976 Authores
311 1944 409 1975 sunt
438 1934 571 1974 Varro
589 1965 601 1984 ,
623 1946 665 1974 et
685 1934 849 1975 Festus.
882 1935 1009 1989 Nunc
1032 1947 1107 1985 Pro
1125 1935 1276 1984 quali-

81 1996 151 2036 bet
181 2007 318 2035 tnensa
337 2024 349 2043 ‚
370 1995 438 2034 cui
461 1995 711 2044 prandentes
746 1995 1053 2047 accumbimus,
1077 1993 1158 2034 hoc
1191 1995 1273 2047 po'-

82 2068 176 2095 men
197 2054 392 2094 sumitur.
931 2058 934 2061 '

1372 1846 1390 1999 ἒ
