<?xml version="1.0" encoding="UTF-8"?>
<!DOCTYPE html PUBLIC "-//W3C//DTD XHTML 1.0 Transitional//EN"
    "http://www.w3.org/TR/xhtml1/DTD/xhtml1-transitional.dtd">
<html xmlns="http://www.w3.org/1999/xhtml" xml:lang="en" lang="en">
 <head>
  <title>
</title>
<meta http-equiv="Content-Type" content="text/html;charset=utf-8" />
  <meta name='ocr-system' content='tesseract 3.04.00' />
  <meta name='ocr-capabilities' content='ocr_page ocr_carea ocr_par ocr_line ocrx_word'/>
</head>
<body>
  <div class='ocr_page' id='page_1' title='image "./dialogos00viveuoft_0016.png"; bbox 0 0 1390 2202; ppageno 0'>
   <div class='ocr_carea' id='block_1_1' title="bbox 207 152 1199 233">
    <p class='ocr_par' dir='ltr' id='par_1_1' title="bbox 207 152 1199 233">
     <span class='ocr_line' id='line_1_1' title="bbox 207 152 1199 233; baseline 0.004 -4"><span class='ocrx_word' id='word_1_1' title='bbox 207 152 764 229; x_wconf 85' lang='lat' dir='ltr'>AUGUSTINUS</span> <span class='ocrx_word' id='word_1_2' title='bbox 807 159 1199 233; x_wconf 85' lang='lat' dir='ltr'>SALESIUS</span> 
     </span>
    </p>
   </div>
   <div class='ocr_carea' id='block_1_2' title="bbox 111 290 1309 380">
    <p class='ocr_par' dir='ltr' id='par_1_2' title="bbox 111 290 1309 380">
     <span class='ocr_line' id='line_1_2' title="bbox 111 290 1309 380; baseline 0.003 -14"><span class='ocrx_word' id='word_1_3' title='bbox 111 291 661 369; x_wconf 73' lang='lat' dir='ltr'>ms‘romoGRAPHUs</span> <span class='ocrx_word' id='word_1_4' title='bbox 701 290 1105 368; x_wconf 44' lang='lat' dir='ltr'>&#39;‘vinemarus‘’</span> <span class='ocrx_word' id='word_1_5' title='bbox 1117 357 1131 380; x_wconf 88' lang='lat'>,</span> <span class='ocrx_word' id='word_1_6' title='bbox 1146 291 1150 295; x_wconf 36' lang='lat'><strong><em>¹</em></strong></span> <span class='ocrx_word' id='word_1_7' title='bbox 1163 314 1309 369; x_wconf 69' lang='lat' dir='ltr'><strong>‘CET-</strong></span> 
     </span>
    </p>
   </div>
   <div class='ocr_carea' id='block_1_3' title="bbox 282 459 1129 646">
    <p class='ocr_par' dir='ltr' id='par_1_3' title="bbox 282 459 1129 646">
     <span class='ocr_line' id='line_1_3' title="bbox 282 459 1129 526; baseline 0 -12"><span class='ocrx_word' id='word_1_8' title='bbox 282 459 1129 526; x_wconf 83' lang='lat' dir='ltr'>ADOLESCENTIBUS,</span> 
     </span>
     <span class='ocr_line' id='line_1_4' title="bbox 622 596 792 646; baseline 0 0"><span class='ocrx_word' id='word_1_9' title='bbox 622 596 666 646; x_wconf 77' lang='lat' dir='ltr'>s,</span> <span class='ocrx_word' id='word_1_10' title='bbox 727 597 792 646; x_wconf 90' lang='lat' dir='ltr'>D.</span> 
     </span>
    </p>
   </div>
   <div class='ocr_carea' id='block_1_4' title="bbox 106 713 1316 2043">
    <p class='ocr_par' dir='ltr' id='par_1_4' title="bbox 106 713 1316 2043">
     <span class='ocr_line' id='line_1_5' title="bbox 108 713 1309 807; baseline 0.002 -14"><span class='ocrx_word' id='word_1_11' title='bbox 108 772 118 778; x_wconf 87' lang='lat'><em>-</em></span> <span class='ocrx_word' id='word_1_12' title='bbox 167 713 454 794; x_wconf 83' lang='lat' dir='ltr'>Laurentius</span> <span class='ocrx_word' id='word_1_13' title='bbox 487 750 759 805; x_wconf 84' lang='lat' dir='ltr'><strong>Palmyrenus</strong></span> <span class='ocrx_word' id='word_1_14' title='bbox 784 784 797 805; x_wconf 94' lang='lat'>,</span> <span class='ocrx_word' id='word_1_15' title='bbox 834 759 1133 796; x_wconf 74' lang='lat' dir='ltr'>conterraneus</span> <span class='ocrx_word' id='word_1_16' title='bbox 1177 763 1309 807; x_wconf 76' lang='lat' dir='ltr'>meus,</span> 
     </span>
     <span class='ocr_line' id='line_1_6' title="bbox 108 811 1311 865; baseline 0.002 -13"><span class='ocrx_word' id='word_1_17' title='bbox 108 811 157 853; x_wconf 70' lang='lat' dir='ltr'>In</span> <span class='ocrx_word' id='word_1_18' title='bbox 183 812 399 853; x_wconf 83' lang='lat' dir='ltr'>academia</span> <span class='ocrx_word' id='word_1_19' title='bbox 419 811 636 853; x_wconf 86' lang='lat' dir='ltr'>valentina</span> <span class='ocrx_word' id='word_1_20' title='bbox 666 814 919 862; x_wconf 82' lang='lat' dir='ltr'>eloquentiae</span> <span class='ocrx_word' id='word_1_21' title='bbox 950 815 1155 865; x_wconf 82' lang='lat' dir='ltr'>professor</span> <span class='ocrx_word' id='word_1_22' title='bbox 1172 844 1184 865; x_wconf 91' lang='lat'>,</span> <span class='ocrx_word' id='word_1_23' title='bbox 1213 827 1311 855; x_wconf 83' lang='lat' dir='ltr'>cum</span> 
     </span>
     <span class='ocr_line' id='line_1_7' title="bbox 106 868 1310 924; baseline 0 -12"><span class='ocrx_word' id='word_1_24' title='bbox 106 871 136 912; x_wconf 68' lang='grc' dir='ltr'>ὲ</span> <span class='ocrx_word' id='word_1_25' title='bbox 171 870 306 911; x_wconf 83' lang='lat' dir='ltr'>nobili</span> <span class='ocrx_word' id='word_1_26' title='bbox 356 871 470 912; x_wconf 83' lang='lat' dir='ltr'>Luca</span> <span class='ocrx_word' id='word_1_27' title='bbox 515 868 706 922; x_wconf 80' lang='lat' dir='ltr'>Joannio</span> <span class='ocrx_word' id='word_1_28' title='bbox 730 901 744 924; x_wconf 93' lang='lat'>,</span> <span class='ocrx_word' id='word_1_29' title='bbox 779 872 1019 913; x_wconf 83' lang='lat' dir='ltr'>Decurione</span> <span class='ocrx_word' id='word_1_30' title='bbox 1059 872 1310 922; x_wconf 80' lang='lat' dir='ltr'>Valentino,</span> 
     </span>
     <span class='ocr_line' id='line_1_8' title="bbox 107 929 1311 982; baseline 0.001 -13"><span class='ocrx_word' id='word_1_31' title='bbox 107 936 294 981; x_wconf 69' lang='lat' dir='ltr'>urgente</span> <span class='ocrx_word' id='word_1_32' title='bbox 310 929 526 970; x_wconf 83' lang='lat' dir='ltr'>Honorato</span> <span class='ocrx_word' id='word_1_33' title='bbox 547 929 736 982; x_wconf 84' lang='lat' dir='ltr'>Joannio</span> <span class='ocrx_word' id='word_1_34' title='bbox 759 931 886 971; x_wconf 79' lang='lat' dir='ltr'>fratre</span> <span class='ocrx_word' id='word_1_35' title='bbox 921 930 1206 974; x_wconf 72' lang='lat' dir='ltr'>eruditissimo</span> <span class='ocrx_word' id='word_1_36' title='bbox 1225 961 1237 982; x_wconf 94' lang='lat'>,</span> <span class='ocrx_word' id='word_1_37' title='bbox 1267 940 1311 970; x_wconf 88' lang='lat' dir='ltr'>et</span> 
     </span>
     <span class='ocr_line' id='line_1_9' title="bbox 107 986 1312 1040; baseline -0.001 -10"><span class='ocrx_word' id='word_1_38' title='bbox 107 986 262 1030; x_wconf 79' lang='lat' dir='ltr'>Vlvls</span> <span class='ocrx_word' id='word_1_39' title='bbox 296 989 536 1040; x_wconf 81' lang='lat' dir='ltr'>discipulo,</span> <span class='ocrx_word' id='word_1_40' title='bbox 569 994 718 1029; x_wconf 77' lang='lat' dir='ltr'>munus</span> <span class='ocrx_word' id='word_1_41' title='bbox 750 988 922 1038; x_wconf 73' lang='lat' dir='ltr'>publice</span> <span class='ocrx_word' id='word_1_42' title='bbox 943 986 1167 1039; x_wconf 75' lang='lat' dir='ltr'>profitendi</span> <span class='ocrx_word' id='word_1_43' title='bbox 1197 988 1312 1029; x_wconf 78' lang='lat' dir='ltr'>fuis-</span> 
     </span>
     <span class='ocr_line' id='line_1_10' title="bbox 109 1044 1310 1102; baseline 0 -15"><span class='ocrx_word' id='word_1_44' title='bbox 109 1056 173 1087; x_wconf 83' lang='lat' dir='ltr'>set</span> <span class='ocrx_word' id='word_1_45' title='bbox 222 1057 472 1088; x_wconf 87' lang='lat' dir='ltr'>consecutus</span> <span class='ocrx_word' id='word_1_46' title='bbox 497 1076 511 1098; x_wconf 92' lang='lat'>,</span> <span class='ocrx_word' id='word_1_47' title='bbox 549 1046 800 1102; x_wconf 86' lang='lat' dir='ltr'>(propterea</span> <span class='ocrx_word' id='word_1_48' title='bbox 841 1044 1018 1088; x_wconf 82' lang='lat' dir='ltr'>Falconi</span> <span class='ocrx_word' id='word_1_49' title='bbox 1047 1047 1310 1098; x_wconf 63' lang='lat' dir='ltr'>valentino,</span> 
     </span>
     <span class='ocr_line' id='line_1_11' title="bbox 109 1103 1313 1162; baseline 0.001 -17"><span class='ocrx_word' id='word_1_50' title='bbox 109 1105 259 1146; x_wconf 86' lang='lat' dir='ltr'>alienae</span> <span class='ocrx_word' id='word_1_51' title='bbox 276 1106 394 1146; x_wconf 77' lang='lat' dir='ltr'>famae</span> <span class='ocrx_word' id='word_1_52' title='bbox 412 1107 651 1146; x_wconf 79' lang='lat' dir='ltr'>insidiatori</span> <span class='ocrx_word' id='word_1_53' title='bbox 669 1137 682 1156; x_wconf 91' lang='lat'>,</span> <span class='ocrx_word' id='word_1_54' title='bbox 705 1109 912 1159; x_wconf 77' lang='lat' dir='ltr'>ingratus,</span> <span class='ocrx_word' id='word_1_55' title='bbox 929 1118 970 1147; x_wconf 92' lang='lat' dir='ltr'>et</span> <span class='ocrx_word' id='word_1_56' title='bbox 991 1103 1182 1162; x_wconf 77' lang='lat' dir='ltr'>invisus‘)</span> <span class='ocrx_word' id='word_1_57' title='bbox 1203 1105 1313 1146; x_wconf 72' lang='lat' dir='ltr'>nihi!</span> 
     </span>
     <span class='ocr_line' id='line_1_12' title="bbox 109 1162 1313 1216; baseline -0.001 -12"><span class='ocrx_word' id='word_1_58' title='bbox 109 1162 261 1204; x_wconf 86' lang='lat' dir='ltr'>habuit</span> <span class='ocrx_word' id='word_1_59' title='bbox 277 1166 495 1214; x_wconf 83' lang='lat' dir='ltr'>antiquius</span> <span class='ocrx_word' id='word_1_60' title='bbox 516 1178 640 1214; x_wconf 84' lang='lat' dir='ltr'>quarn</span> <span class='ocrx_word' id='word_1_61' title='bbox 661 1164 912 1206; x_wconf 70' lang='lat' dir='ltr'>Ciceronem</span> <span class='ocrx_word' id='word_1_62' title='bbox 939 1166 1073 1216; x_wconf 86' lang='lat' dir='ltr'>palam</span> <span class='ocrx_word' id='word_1_63' title='bbox 1095 1163 1313 1215; x_wconf 81' lang='lat' dir='ltr'>invehere,</span> 
     </span>
     <span class='ocr_line' id='line_1_13' title="bbox 111 1222 1314 1275; baseline -0.001 -13"><span class='ocrx_word' id='word_1_64' title='bbox 111 1225 354 1272; x_wconf 75' lang='lat' dir='ltr'>caeterisque</span> <span class='ocrx_word' id='word_1_65' title='bbox 374 1232 576 1275; x_wconf 83' lang='lat' dir='ltr'>perpetuo</span> <span class='ocrx_word' id='word_1_66' title='bbox 596 1224 824 1264; x_wconf 51' lang='lat' dir='ltr'>anteferret*</span> <span class='ocrx_word' id='word_1_67' title='bbox 838 1225 1094 1264; x_wconf 69' lang='lat' dir='ltr'>Laurentius</span> <span class='ocrx_word' id='word_1_68' title='bbox 1110 1222 1314 1264; x_wconf 89' lang='lat' dir='ltr'>Valenti-</span> 
     </span>
     <span class='ocr_line' id='line_1_14' title="bbox 112 1280 1313 1333; baseline -0.001 -12"><span class='ocrx_word' id='word_1_69' title='bbox 112 1293 194 1322; x_wconf 87' lang='lat' dir='ltr'>nus</span> <span class='ocrx_word' id='word_1_70' title='bbox 213 1280 356 1322; x_wconf 83' lang='lat' dir='ltr'>Abbas</span> <span class='ocrx_word' id='word_1_71' title='bbox 372 1282 596 1332; x_wconf 80' lang='lat' dir='ltr'>,Andreas</span> <span class='ocrx_word' id='word_1_72' title='bbox 618 1281 881 1333; x_wconf 76' lang='lat' dir='ltr'>Semperius3</span> <span class='ocrx_word' id='word_1_73' title='bbox 903 1291 1080 1331; x_wconf 73' lang='lat' dir='ltr'>moxque</span> <span class='ocrx_word' id='word_1_74' title='bbox 1111 1281 1313 1331; x_wconf 85' lang='lat' dir='ltr'>eloquen-</span> 
     </span>
     <span class='ocr_line' id='line_1_15' title="bbox 109 1339 1316 1393; baseline 0.001 -14"><span class='ocrx_word' id='word_1_75' title='bbox 109 1341 250 1391; x_wconf 74' lang='lat' dir='ltr'>tiae,e·t</span> <span class='ocrx_word' id='word_1_76' title='bbox 268 1339 543 1390; x_wconf 69' lang='lat' dir='ltr'>philosophiae</span> <span class='ocrx_word' id='word_1_77' title='bbox 565 1341 755 1390; x_wconf 81' lang='lat' dir='ltr'>princeps</span> <span class='ocrx_word' id='word_1_78' title='bbox 771 1342 917 1381; x_wconf 85' lang='lat' dir='ltr'>Petrus</span> <span class='ocrx_word' id='word_1_79' title='bbox 932 1341 959 1393; x_wconf 88' lang='lat' dir='ltr'><strong>J</strong></span> <span class='ocrx_word' id='word_1_80' title='bbox 964 1347 1121 1381; x_wconf 80' lang='lat' dir='ltr'>oannes</span> <span class='ocrx_word' id='word_1_81' title='bbox 1134 1340 1316 1380; x_wconf 86' lang='lat' dir='ltr'>Nunne-</span> 
     </span>
     <span class='ocr_line' id='line_1_16' title="bbox 110 1398 1314 1450; baseline -0.002 -10"><span class='ocrx_word' id='word_1_82' title='bbox 110 1400 212 1450; x_wconf 80' lang='lat' dir='ltr'>sius,</span> <span class='ocrx_word' id='word_1_83' title='bbox 229 1399 338 1440; x_wconf 87' lang='lat' dir='ltr'>idem</span> <span class='ocrx_word' id='word_1_84' title='bbox 356 1407 583 1447; x_wconf 82' lang='lat' dir='ltr'>tentantes,</span> <span class='ocrx_word' id='word_1_85' title='bbox 599 1398 734 1438; x_wconf 75' lang='lat' dir='ltr'>accito</span> <span class='ocrx_word' id='word_1_86' title='bbox 751 1399 1015 1449; x_wconf 79' lang='lat' dir='ltr'>Palmyreno,</span> <span class='ocrx_word' id='word_1_87' title='bbox 1037 1400 1314 1448; x_wconf 75' lang='lat' dir='ltr'>Pol‘itianum,</span> 
     </span>
     <span class='ocr_line' id='line_1_17' title="bbox 110 1456 1314 1507; baseline -0.001 -9"><span class='ocrx_word' id='word_1_88' title='bbox 110 1466 155 1498; x_wconf 88' lang='lat' dir='ltr'>et</span> <span class='ocrx_word' id='word_1_89' title='bbox 172 1458 402 1507; x_wconf 85' lang='lat' dir='ltr'>Erasmum,</span> <span class='ocrx_word' id='word_1_90' title='bbox 416 1464 521 1505; x_wconf 82' lang='lat' dir='ltr'>quos</span> <span class='ocrx_word' id='word_1_91' title='bbox 536 1456 560 1494; x_wconf 72' lang='lat' dir='ltr'>a</span> <span class='ocrx_word' id='word_1_92' title='bbox 578 1457 1104 1506; x_wconf 79' lang='lat' dir='ltr'>praeceptoribus&#39;barbatis</span> <span class='ocrx_word' id='word_1_93' title='bbox 1121 1456 1314 1506; x_wconf 78' lang='lat' dir='ltr'>Tyrones</span> 
     </span>
     <span class='ocr_line' id='line_1_18' title="bbox 109 1514 1312 1566; baseline -0.001 -10"><span class='ocrx_word' id='word_1_94' title='bbox 109 1524 383 1566; x_wconf 84' lang='lat' dir='ltr'>acceperant,</span> <span class='ocrx_word' id='word_1_95' title='bbox 400 1516 459 1555; x_wconf 85' lang='lat' dir='ltr'>ira</span> <span class='ocrx_word' id='word_1_96' title='bbox 480 1514 973 1564; x_wconf 60' lang='lat' dir='ltr'>amandare-caeperunt,</span> <span class='ocrx_word' id='word_1_97' title='bbox 994 1525 1039 1553; x_wconf 91' lang='lat' dir='ltr'>ut</span> <span class='ocrx_word' id='word_1_98' title='bbox 1060 1526 1175 1554; x_wconf 80' lang='lat' dir='ltr'>anno</span> <span class='ocrx_word' id='word_1_99' title='bbox 1203 1516 1312 1564; x_wconf 78' lang='lat'><em>1560</em></span> 
     </span>
     <span class='ocr_line' id='line_1_19' title="bbox 110 1570 1314 1623; baseline -0.002 -9"><span class='ocrx_word' id='word_1_100' title='bbox 110 1575 324 1614; x_wconf 81' lang='lat' dir='ltr'>academia</span> <span class='ocrx_word' id='word_1_101' title='bbox 337 1580 502 1623; x_wconf 68' lang='lat' dir='ltr'>nostra,</span> <span class='ocrx_word' id='word_1_102' title='bbox 523 1570 886 1622; x_wconf 79' lang='lat' dir='ltr'>CICERONEM,</span> <span class='ocrx_word' id='word_1_103' title='bbox 907 1582 954 1613; x_wconf 88' lang='lat' dir='ltr'>ut</span> <span class='ocrx_word' id='word_1_104' title='bbox 977 1575 1161 1612; x_wconf 84' lang='lat' dir='ltr'>omnium</span> <span class='ocrx_word' id='word_1_105' title='bbox 1183 1575 1314 1615; x_wconf 79' lang='lat' dir='ltr'>disci-</span> 
     </span>
     <span class='ocr_line' id='line_1_20' title="bbox 109 1633 1312 1684; baseline 0 -12"><span class='ocrx_word' id='word_1_106' title='bbox 109 1633 320 1684; x_wconf 83' lang='lat' dir='ltr'>plinatum</span> <span class='ocrx_word' id='word_1_107' title='bbox 343 1640 570 1682; x_wconf 85' lang='lat' dir='ltr'>parentem,</span> <span class='ocrx_word' id='word_1_108' title='bbox 590 1641 630 1671; x_wconf 87' lang='lat' dir='ltr'>et</span> <span class='ocrx_word' id='word_1_109' title='bbox 652 1633 882 1682; x_wconf 76' lang='lat' dir='ltr'>principem</span> <span class='ocrx_word' id='word_1_110' title='bbox 903 1643 1168 1682; x_wconf 86' lang='lat' dir='ltr'>sequeretur,</span> <span class='ocrx_word' id='word_1_111' title='bbox 1192 1633 1312 1673; x_wconf 77' lang='lat' dir='ltr'>cole-</span> 
     </span>
     <span class='ocr_line' id='line_1_21' title="bbox 110 1691 1312 1742; baseline -0.002 -10"><span class='ocrx_word' id='word_1_112' title='bbox 110 1703 200 1742; x_wconf 83' lang='lat' dir='ltr'>ret,</span> <span class='ocrx_word' id='word_1_113' title='bbox 223 1701 504 1731; x_wconf 81' lang='lat' dir='ltr'>veneraretur.</span> <span class='ocrx_word' id='word_1_114' title='bbox 528 1691 820 1741; x_wconf 82' lang='lat' dir='ltr'>Palmyrenus,</span> <span class='ocrx_word' id='word_1_115' title='bbox 843 1691 955 1730; x_wconf 86' lang='lat' dir='ltr'>bono</span> <span class='ocrx_word' id='word_1_116' title='bbox 975 1693 1211 1731; x_wconf 82' lang='lat' dir='ltr'>litterarum</span> <span class='ocrx_word' id='word_1_117' title='bbox 1232 1704 1312 1731; x_wconf 85' lang='lat' dir='ltr'>na-</span> 
     </span>
     <span class='ocr_line' id='line_1_22' title="bbox 110 1750 1313 1802; baseline -0.001 -12"><span class='ocrx_word' id='word_1_118' title='bbox 110 1761 180 1792; x_wconf 87' lang='lat' dir='ltr'>tus</span> <span class='ocrx_word' id='word_1_119' title='bbox 196 1780 210 1801; x_wconf 95' lang='lat'>,</span> <span class='ocrx_word' id='word_1_120' title='bbox 231 1752 377 1799; x_wconf 87' lang='lat' dir='ltr'>virque</span> <span class='ocrx_word' id='word_1_121' title='bbox 399 1751 575 1802; x_wconf 86' lang='lat' dir='ltr'>ingenio</span> <span class='ocrx_word' id='word_1_122' title='bbox 599 1751 832 1798; x_wconf 81' lang='lat' dir='ltr'>mitissimo,</span> <span class='ocrx_word' id='word_1_123' title='bbox 851 1751 1202 1799; x_wconf 81' lang='lat' dir='ltr'>animadvertens,</span> <span class='ocrx_word' id='word_1_124' title='bbox 1222 1750 1313 1799; x_wconf 83' lang='lat' dir='ltr'>Ty-</span> 
     </span>
     <span class='ocr_line' id='line_1_23' title="bbox 110 1809 1313 1858; baseline -0.002 -8"><span class='ocrx_word' id='word_1_125' title='bbox 110 1822 234 1850; x_wconf 81' lang='lat' dir='ltr'>rones</span> <span class='ocrx_word' id='word_1_126' title='bbox 251 1809 367 1858; x_wconf 79' lang='lat' dir='ltr'>loqui</span> <span class='ocrx_word' id='word_1_127' title='bbox 386 1810 455 1849; x_wconf 83' lang='lat' dir='ltr'>vix</span> <span class='ocrx_word' id='word_1_128' title='bbox 475 1821 590 1858; x_wconf 87' lang='lat' dir='ltr'>posse</span> <span class='ocrx_word' id='word_1_129' title='bbox 606 1809 658 1848; x_wconf 92' lang='lat' dir='ltr'>de</span> <span class='ocrx_word' id='word_1_130' title='bbox 676 1810 729 1847; x_wconf 84' lang='lat' dir='ltr'>iis</span> <span class='ocrx_word' id='word_1_131' title='bbox 740 1822 830 1856; x_wconf 82' lang='lat' dir='ltr'>quae</span> <span class='ocrx_word' id='word_1_132' title='bbox 847 1809 956 1858; x_wconf 88' lang='lat' dir='ltr'>apud</span> <span class='ocrx_word' id='word_1_133' title='bbox 975 1809 1197 1848; x_wconf 48' lang='lat' dir='ltr'>Cir—emnem</span> <span class='ocrx_word' id='word_1_134' title='bbox 1216 1811 1313 1858; x_wconf 70' lang='lat' dir='ltr'>nui-</span> 
     </span>
     <span class='ocr_line' id='line_1_24' title="bbox 110 1867 1315 1924; baseline -0.003 -16"><span class='ocrx_word' id='word_1_135' title='bbox 110 1869 153 1909; x_wconf 82' lang='lat' dir='ltr'>la</span> <span class='ocrx_word' id='word_1_136' title='bbox 175 1880 288 1919; x_wconf 87' lang='lat' dir='ltr'>sunt,</span> <span class='ocrx_word' id='word_1_137' title='bbox 308 1867 429 1924; x_wconf 77' lang='lat' dir='ltr'>(cum</span> <span class='ocrx_word' id='word_1_138' title='bbox 451 1867 503 1907; x_wconf 87' lang='lat' dir='ltr'>de</span> <span class='ocrx_word' id='word_1_139' title='bbox 523 1878 748 1916; x_wconf 80' lang='lat' dir='ltr'>structura,</span> <span class='ocrx_word' id='word_1_140' title='bbox 769 1868 819 1906; x_wconf 83' lang='lat' dir='ltr'>de</span> <span class='ocrx_word' id='word_1_141' title='bbox 842 1870 1019 1918; x_wconf 81' lang='lat' dir='ltr'>sutrina,</span> <span class='ocrx_word' id='word_1_142' title='bbox 1040 1868 1091 1908; x_wconf 84' lang='lat' dir='ltr'>de</span> <span class='ocrx_word' id='word_1_143' title='bbox 1115 1869 1315 1915; x_wconf 71' lang='lat' dir='ltr'>textrina,</span> 
     </span>
     <span class='ocr_line' id='line_1_25' title="bbox 111 1924 1312 1980; baseline -0.004 -12"><span class='ocrx_word' id='word_1_144' title='bbox 111 1928 163 1968; x_wconf 91' lang='lat' dir='ltr'>de</span> <span class='ocrx_word' id='word_1_145' title='bbox 184 1941 286 1980; x_wconf 89' lang='lat' dir='ltr'>agro</span> <span class='ocrx_word' id='word_1_146' title='bbox 315 1926 523 1976; x_wconf 85' lang='lat' dir='ltr'>colendo,</span> <span class='ocrx_word' id='word_1_147' title='bbox 555 1927 606 1966; x_wconf 89' lang='lat' dir='ltr'>de</span> <span class='ocrx_word' id='word_1_148' title='bbox 629 1938 816 1977; x_wconf 80' lang='lat' dir='ltr'>poemate</span> <span class='ocrx_word' id='word_1_149' title='bbox 835 1957 846 1976; x_wconf 89' lang='lat'>,</span> <span class='ocrx_word' id='word_1_150' title='bbox 882 1929 934 1966; x_wconf 84' lang='lat' dir='ltr'>de</span> <span class='ocrx_word' id='word_1_151' title='bbox 971 1926 1142 1966; x_wconf 77' lang='lat' dir='ltr'>historia</span> <span class='ocrx_word' id='word_1_152' title='bbox 1161 1952 1175 1974; x_wconf 79' lang='grc'><em>,</em></span> <span class='ocrx_word' id='word_1_153' title='bbox 1205 1924 1312 1963; x_wconf 75' lang='lat' dir='ltr'>nihil</span> 
     </span>
     <span class='ocr_line' id='line_1_26' title="bbox 112 1983 1313 2043; baseline -0.005 -14"><span class='ocrx_word' id='word_1_154' title='bbox 112 1985 352 2043; x_wconf 78' lang='lat' dir='ltr'>scripserit)</span> <span class='ocrx_word' id='word_1_155' title='bbox 377 1987 558 2041; x_wconf 59' lang='lat' dir='ltr'>veritus„</span> <span class='ocrx_word' id='word_1_156' title='bbox 580 1998 632 2027; x_wconf 86' lang='lat' dir='ltr'>ne</span> <span class='ocrx_word' id='word_1_157' title='bbox 656 1987 701 2027; x_wconf 87' lang='lat' dir='ltr'>in</span> <span class='ocrx_word' id='word_1_158' title='bbox 725 1986 966 2039; x_wconf 77' lang='lat' dir='ltr'>fundenda,</span> <span class='ocrx_word' id='word_1_159' title='bbox 991 1995 1031 2027; x_wconf 86' lang='lat' dir='ltr'>et</span> <span class='ocrx_word' id='word_1_160' title='bbox 1050 1983 1313 2036; x_wconf 75' lang='lat' dir='ltr'>amplifican-</span> 
     </span>
    </p>
   </div>
  </div>
 </body>
</html>
