1390 2202
1187 82 1262 136 J

275 139 552 202 VIVES
613 137 1086 197 PHILIPPO

89 284 490 336 CAROLI
519 280 837 336 CAESAR.
902 279 1284 327 AUGUST.

246 373 350 424 filio
378 371 570 423 haeredi
604 370 852 436 optimam
889 378 1132 418 mentem.

153 508 350 603 Latinae
377 562 537 616 linguae
563 573 802 615 permagnae
824 567 924 601 sunt
952 554 1000 599 ἂ
1019 557 1073 598 ad
1103 557 1289 608 loquen-

95 621 197 663 dum
214 652 228 672 ,
247 632 290 662 er
310 621 364 662 ad
388 622 498 663 recte
526 622 792 663 sentiendum
821 620 1047 660 utilitates.
1077 618 1147 658 Est
1176 620 1292 659 enim

94 693 147 722 ea
187 682 323 722 veluti
360 681 577 722 thesaurus
616 681 787 731 quidam
827 680 963 719 omnis
1002 678 1255 718 eruditionis
1276 691 1290 717 e

97 741 295 789 quoniam
314 753 467 794 magna
484 771 499 792 ‚
519 752 561 781 et
585 739 824 791 praestantia
848 738 1021 791 ingenia
1042 738 1180 777 latino
1200 748 1292 776 ser-

95 811 221 841 mone
243 801 488 852 disciplinas
519 813 663 840 omnes
696 799 1032 848 conscripserunt
1050 810 1074 836 ε»
1097 795 1154 836 ad
1188 806 1292 844 quas

94 871 220 899 nemo
239 871 378 913 potest
404 862 620 909 pervenire
638 860 751 909 „nisi
775 870 846 909 per
867 857 1033 909 linguae
1052 855 1172 897 illius
1191 867 1295 907 cog!-

87 910 315 964 hittonem.
339 916 479 970 Quam
512 920 569 957 ob
603 930 769 958 causam
793 930 881 956 non
913 914 1148 968 gravabor,
1181 913 1294 954 intet

96 976 302 1027 majorum
341 977 576 1015 studiorum
614 976 917 1024 occupationes
948 1001 961 1023 ‚
1011 970 1090 1017 hac
1125 978 1295 1022 quoque

97 1045 217 1085 parte
241 1033 431 1084 pueritiae
463 1033 706 1078 rudimenta,
731 1031 949 1084 adjuvare.
979 1029 1220 1082 Conscripsi
1246 1032 1295 1072 in

97 1104 220 1133 usum
240 1092 383 1133 latinae
417 1092 571 1144 linguae
596 1091 770 1141 primam
790 1089 993 1139 loquendi
1022 1090 1296 1131 exercitatio-

98 1164 196 1192 nem
213 1180 228 1202 ,
246 1163 369 1199 quam
393 1151 530 1200 pueris
546 1180 559 1200 ,
586 1160 633 1190 ut
655 1162 775 1200 spero
792 1178 806 1199 ,
842 1148 1187 1199 conducibilem,
1215 1150 1297 1190 tibi

98 1209 283 1260 Principi
309 1222 439 1261 puero
461 1210 680 1258 visum-est
701 1208 870 1256 dicare:
902 1208 996 1253 cum,
1024 1217 1193 1258 propter
1212 1208 1299 1249 Pa-

101 1272 178 1310 tris
196 1272 260 1309 tui
273 1269 617 1319 ,benevolentiam
638 1280 736 1320 erga
756 1279 819 1306 me
835 1261 1034 1306 summarii
1045 1294 1060 1317 ,
1074 1275 1165 1306 tum
1183 1267 1296 1316 quod

102 1329 149 1368 in
181 1329 323 1368 animo
346 1337 432 1368 ,tuo
467 1327 521 1368 ad
558 1336 856 1368 rectosssmores
888 1324 1107 1371 formando
1139 1327 1298 1376 optime

90 1388 156 1440 ⁴de
183 1387 386 1437 Hispania
403 1416 415 1437 ,
450 1386 530 1427 hoc
550 1394 612 1426 est
633 1385 768 1436 patria
799 1396 905 1435 mea,
921 1383 1112 1429 merebor
1132 1397 1145 1423 t
1180 1384 1300 1437 cujus

91 1447 218 1497 ¹salus
250 1447 332 1490 sita
362 1454 423 1484 est
451 1447 499 1488 in
531 1454 604 1485 tua
638 1443 851 1495 probitate
880 1455 929 1484 ac
959 1443 1184 1493 sapientia.
1216 1442 1301 1484 Sed

104 1505 194 1546 haec
215 1505 240 1544 a
259 1503 427 1556 Joanne
447 1503 655 1552 Martino.
672 1501 717 1550 Si
738 1504 846 1543 liceo
864 1502 1108 1546 institutore
1131 1512 1231 1552 tuo,
1258 1512 1302 1542 et

108 1564 318 1612 copiosius
342 1562 489 1603 audies
504 1590 518 1613 ,
542 1574 587 1604 et
610 1561 1036 1618 crebrius.=(Ann.
1056 1573 1301 1604 nmmum.

111 1622 243 1665 AEtat.
263 1622 472 1674 Principis
498 1633 566 1664 ιι.
589 1632 633 1663 et
656 1621 779 1667 Vivis
798 1620 907 1679 47.)
