1390 2216
150 104 175 149 3
187 105 208 149 3
219 105 248 136 0
523 106 788 140 mnovxcus
822 106 985 140 vwsss.

145 157 243 200 Val.
263 156 475 199 sedeamus
494 162 557 200 uti
578 163 744 202 solemus
762 192 776 213 ,
792 161 1020 203 decussate:
1036 159 1090 202 da
1107 160 1207 204 nihi
1222 161 1338 204 illam

205 219 342 258 sellam
378 220 672 262 reclinatoriam
689 251 704 274 ,
728 231 771 262 ut
799 221 976 276 quietius
1001 219 1189 277 perdam.—

145 335 265 378 Tam.
288 339 453 394 Appone
477 338 649 381 scabella
666 370 678 391 ,
699 337 948 381 assideamus
965 332 1077 395 fiam,
1097 338 1243 382 sortire
1259 352 1339 381 cu-
1386 338 1390 339 ⁷

200 401 272 451 jus
293 402 376 438 sint
402 401 545 454 primae
574 409 730 455 partes.
1268 427 1270 430 -

143 455 241 497 Val.
266 457 371 497 Meae
397 469 520 498 sunt:
542 458 739 498 distribue
759 467 804 497 tu
823 488 835 508 ‚
857 457 1046 499 Castelle.
1376 492 1390 510 „,

143 514 260 557 Cast.
283 517 516 568 Quomodo?
541 517 567 555 a*
590 517 762 556 sinistra
783 518 825 556 in
845 517 1027 556 dextram
1044 546 1058 566 ,
1077 530 1181 558 more
1199 515 1338 572 belgi·

200 590 273 626 co,
309 590 360 616 an
398 588 539 616 contra
574 577 744 631 hispano
783 589 917 626 more,
949 575 977 615 d
1010 575 1156 617 dextra
1190 576 1236 617 in
1268 576 1336 616 si-

201 637 375 675 nimam
393 635 412 675 2
873 649 877 652 ’

142 693 239 739 Val.
260 695 349 734 Hoc
366 708 497 745 more,
527 695 710 748 quoniam
740 694 831 735 ludo
864 693 1122 750 hispanorum
1149 691 1298 735 utimur
1315 706 1331 734 e

200 764 240 794 et
267 755 446 809 rejecisti
474 753 675 795 decades?

139 872 257 914 Cast.
282 872 448 914 Etiam:
469 883 560 926 quot
573 873 683 924 folia
701 872 800 914 dabo
825 869 1039 927 singulis3

138 934 237 974 val.
259 932 442 974 Novena.
462 933 493 974 S
497 933 543 973 ed
564 947 738 987 quanam
765 932 845 971 erit
866 932 1024 985 sponsio
1040 929 1060 970 3
1383 982 1388 986 .

138 994 261 1034 Man.
279 993 402 1033 Terni
421 992 465 1032 in
486 993 672 1048 singulas
703 1004 843 1033 manus
862 990 1019 1032 denarii
1035 1019 1051 1042 ,
1076 984 1162 1030 cnm
1189 988 1332 1046 gemi-

197 1053 355 1093 natione
383 1052 625 1107 sponsionis.

138 1109 254 1154 Cast.
276 1112 434 1152 Sensim
451 1141 464 1162 ,
491 1112 545 1152 mi
566 1110 753 1152 Manrice
769 1141 783 1163 ‚
814 1109 980 1149 nimium
998 1117 1194 1164 properas
1211 1121 1224 1147 ε
1251 1119 1330 1146 non
1381 1123 1386 1126 ·

195 1181 300 1211 esset
330 1172 368 1211 is
401 1171 514 1211 lusus
532 1202 544 1222 ‚
580 1171 650 1211 sed
673 1169 797 1221 furor
814 1199 829 1221 ,
863 1168 930 1209 ubi
963 1177 1117 1209 tantum
1148 1167 1326 1222 pecunie
1384 1185 1390 1206 ε

196 1233 380 1272 venirent
402 1230 446 1270 in
471 1229 689 1285 periculum
708 1243 721 1270 ε
747 1227 930 1283 quomodo
954 1237 1097 1281 posses
1127 1234 1172 1265 tu
1196 1224 1330 1265 oblec-
1381 1236 1390 1286 ,ς

194 1292 279 1331 tari
300 1291 343 1330 in
375 1291 579 1330 anxietate
609 1289 680 1330 illa
698 1317 711 1337 ,
729 1302 776 1328 ne
804 1296 863 1328 tot
891 1286 999 1326 numi
1020 1285 1095 1326 tibi
1122 1293 1287 1339 pereant
1306 1282 1328 1322 ἓ

193 1350 372 1390 Denarii
396 1349 552 1404 singuli
571 1347 773 1400 sufficient
784 1376 798 1398 ,
818 1356 856 1387 et
871 1356 986 1387 actus
1003 1343 1229 1401 sponsionis
1247 1341 1329 1383 erit

194 1409 354 1450 dimidii
371 1438 385 1460 ,
403 1421 538 1464 nempe
559 1408 712 1462 assium
732 1406 918 1462 quinque.

135 1529 233 1572 Val·
271 1529 393 1569 Recte
427 1526 632 1567 consulis:
663 1526 722 1566 ita
754 1537 824 1564 nec
859 1521 964 1562 nihil
996 1519 1203 1570 lademus,
1227 1515 1330 1572 quoa
1382 1515 1390 1550 ἶ

192 1599 256 1628 est
286 1586 508 1643 insipidum
525 1618 538 1638 ,
570 1599 639 1626 nec
672 1582 774 1639 quod
803 1581 931 1623 doleat
949 1610 963 1633 ,
989 1578 1090 1636 quod
1120 1588 1183 1619 est
1211 1591 1331 1619 acer-
1376 1580 1390 1634 j

133 1647 466 1748 Calgssm'ffibeffl
498 1702 656 1761 singuli
690 1714 839 1745 novena
872 1698 1016 1752 folia?
1045 1694 1233 1741 Cordium
1267 1692 1356 1737 est'
1378 1690 1390 1768 Ἰ
