1390 2190
94 92 162 153 64
459 107 719 142 mnowcus
752 108 923 142 uvas..

89 160 145 200 T.
167 160 223 201 Ut
252 173 322 200 nos
354 159 419 201 hic
442 163 660 203 sedeamus.

88 217 150 262 N.
183 219 346 273 Oportet
373 220 511 271 juisse
542 222 897 276 procerissimum,
927 229 968 263 et
998 221 1122 266 latam
1154 224 1283 269 arbo-

101 301 104 303 -
147 292 230 318 rem
246 280 378 330 ‚unde
397 291 457 320 est
478 291 650 336 sumpsa.

90 336 143 377 T.
166 338 315 389 Quales
334 349 428 379 sunt
459 340 502 380 in
532 340 665 380 India.

84 394 141 437 G.
173 396 257 449 Qui
277 397 392 439 scis?
420 397 562 440 Fuisti
579 408 623 439 tu
642 399 684 438 in
707 397 824 440 India
844 414 931 441 cum
963 400 1181 457 hispanisZ

87 512 143 558 Τ.
177 513 310 566 Quasi
347 515 454 555 scire
497 515 651 570 aliquid
689 515 736 557 de
769 530 931 570 regmne
970 521 1156 573 quapiam
1200 534 1277 563 non

139 576 306 627 possis,
332 574 417 613 nisi
451 574 494 614 in
527 588 573 615 ea
598 574 769 626 fueris,
798 575 867 614 sed
886 575 986 616 dabo
1018 579 1096 618 tibi
1122 581 1273 620 autho-

142 646 227 671 rem
261 646 384 672 meum
411 630 485 689 (a).
523 634 686 674 Plinius
717 633 892 684 scribit,
930 635 974 674 in
1002 635 1119 676 India
1150 638 1275 679 arbo-

142 703 208 731 res
238 704 414 730 crescere
447 691 501 732 ad
529 706 614 732 eam
647 692 903 733 altitudinem
922 723 933 743 ‚
963 708 1046 747 quae
1081 709 1156 735 non
1171 706 1274 751 pos-

142 750 199 789 sit
214 749 349 803 jaculo
370 751 597 804 superari:-
616 751 671 792 Et
699 764 810 805 gens
830 752 905 791 illa
934 754 1102 801 quidem
1125 767 1273 808 sump-

143 811 199 849 tis
220 821 305 849 non
328 810 444 850 tarda
464 809 692 862 pharetris,
713 819 757 851 ut
777 810 837 852 ait
856 810 1064 866 Virgilius
1085 811 1165 870 (b).

82 924 143 966 N.
174 925 326 967 Scribis
346 927 465 967 etiam
486 925 648 968 Plinius
667 923 727 985 (c)
742 956 756 980 ,
785 934 955 969 turmam
973 927 1148 982 equitum
1174 911 1272 972 con-

142 986 187 1026 di
216 986 291 1027 sub
321 987 462 1028 ramis.

83 1101 136 1143 Τ.
168 1101 294 1142 Nemo
326 1101 369 1142 id
404 1102 573 1144 miretur
593 1133 607 1154 ,
646 1103 718 1158 qui
757 1103 914 1158 scirpos
945 1103 1058 1145 illius
1089 1105 1271 1159 regionis

141 1163 363 1202 consideret
380 1191 392 1213 ,
427 1163 570 1215 quibus
598 1163 749 1218 infirmi
767 1163 948 1215 fulciunt
963 1162 1137 1220 gradum
1153 1193 1168 1216 ,
1197 1164 1271 1212 ai-

139 1223 250 1262 vites
282 1220 495 1263 duntaxat.

79 1335 137 1379 G.
166 1338 282 1378 Heus
300 1347 454 1392 ‚quota
474 1347 534 1378 est
554 1338 687 1380 hora?

79 1396 138 1438 N.
171 1397 330 1447 Nulla,
349 1411 439 1439 nam
459 1398 644 1440 horarum
677 1396 959 1439 tintinabulum
985 1408 1089 1437 nunc
1110 1394 1271 1447 fundi·

139 1467 235 1496 tur:
269 1456 480 1506 adfuisti?

79 1513 137 1554 G.
176 1515 271 1555 Non
305 1528 391 1554 sum
427 1527 581 1555 ausus.
610 1527 700 1555 nam
733 1515 848 1566 ajunt
878 1527 962 1555 rem
992 1526 1079 1554 esse
1103 1514 1270 1571 pericu-

138 1574 275 1614 losam.
1251 1603 1261 1609 ‚

78 1630 138 1671 N.
170 1631 262 1685 Ego
280 1629 477 1681 interfui,
503 1639 542 1670 et
566 1630 656 1671 vidi
683 1631 912 1671 innumeras
931 1630 1116 1670 mulieres
1132 1640 1267 1687 pregq

135 1699 276 1729 nantes
314 1691 527 1730 transilire
560 1690 736 1730 canalem
750 1689 933 1741 fusionis
948 1720 963 1742 ,
994 1691 1063 1744 qui
1094 1699 1155 1731 est
1191 1690 1269 1730 sub

139 1758 250 1788 terra
284 1748 480 1789 conditus.
1196 1770 1199 1771 ν

79 1806 132 1846 Τ.
164 1806 318 1847 Audivi
347 1807 417 1847 hoc
450 1806 539 1846 illis
570 1820 657 1847 esse
677 1807 867 1848 salutare.

79 1864 136 1907 G.
171 1865 236 1907 Ea
277 1875 338 1906 est
368 1862 432 1922 (d)
462 1866 571 1906 colus
596 1866 884 1922 philosophia,
917 1875 962 1907 ut
991 1864 1159 1907 dicunt=
1198 1862 1289 1906 sed

135 1979 195 2039 (a)
218 1982 314 2022 Lib.
334 1996 376 2037 7.
389 1995 480 2034 cap.
503 1995 541 2024 2.
560 1980 624 2039 (b)
644 1981 796 2036 virgil.
821 1981 981 2035 Georg.
1005 1982 1034 2021 1.
1055 1994 1092 2027 2.
1110 1994 1150 2025 v.
1172 1990 1270 2032 ης.

137 2040 197 2099 (c)
216 2042 390 2084 Ibidem.
410 2040 476 2099 (d)
494 2040 627 2084 Colus
645 2053 707 2084 est
728 2042 911 2106 genitivi
933 2053 1068 2082 casus.
